@ARTICLE{2005A&A...429..667A,
       author = {{Anupama}, G.~C. and {Sahu}, D.~K. and {Jose}, J.},
        title = "{Type Ia supernova SN 2003du: Optical observations}",
      journal = {\aap},
     keywords = {stars: supernovae: general, stars: supernovae: individual: SN2003du, Astrophysics},
         year = 2005,
        month = jan,
       volume = {429},
        pages = {667-676},
          doi = {10.1051/0004-6361:20041687},
archivePrefix = {arXiv},
       eprint = {astro-ph/0409494},
 primaryClass = {astro-ph},
       adsurl = {https://ui.adsabs.harvard.edu/abs/2005A&A...429..667A},
      adsnote = {Provided by the SAO/NASA Astrophysics Data System}
}

