@ARTICLE{2004MNRAS.348..261B,
       author = {{Benetti}, S. and {Meikle}, P. and {Stehle}, M. and {Altavilla}, G. and {Desidera}, S. and {Folatelli}, G. and {Goobar}, A. and {Mattila}, S. and {Mendez}, J. and {Navasardyan}, H. and {Pastorello}, A. and {Patat}, F. and {Riello}, M. and {Ruiz-Lapuente}, P. and {Tsvetkov}, D. and {Turatto}, M. and {Mazzali}, P. and {Hillebrandt}, W.},
        title = "{Supernova 2002bo: inadequacy of the single parameter description}",
      journal = {\mnras},
     keywords = {supernovae: general, supernovae: individual: 2002bo, Astrophysics},
         year = 2004,
        month = feb,
       volume = {348},
       number = {1},
        pages = {261-278},
          doi = {10.1111/j.1365-2966.2004.07357.x},
archivePrefix = {arXiv},
       eprint = {astro-ph/0309665},
 primaryClass = {astro-ph},
       adsurl = {https://ui.adsabs.harvard.edu/abs/2004MNRAS.348..261B},
      adsnote = {Provided by the SAO/NASA Astrophysics Data System}
}

