@ARTICLE{2015ApJ...805...74B,
       author = {{Brown}, Peter J. and {Smitka}, Michael T. and {Wang}, Lifan and {Breeveld}, Alice and {de Pasquale}, Massimiliano and {Hartmann}, Dieter H. and {Krisciunas}, Kevin and {Kuin}, N. Paul and {Milne}, Peter A. and {Page}, Mat and {Siegel}, Michael},
        title = "{Swift Ultraviolet Observations of Supernova 2014J in M82: Large Extinction from Interstellar Dust}",
      journal = {\apj},
     keywords = {dust, extinction, supernovae: general, supernovae: individual: SN2014J, SN2011fe, SN2012fr, Astrophysics - High Energy Astrophysical Phenomena},
         year = 2015,
        month = may,
       volume = {805},
       number = {1},
          eid = {74},
        pages = {74},
          doi = {10.1088/0004-637X/805/1/74},
archivePrefix = {arXiv},
       eprint = {1408.2381},
 primaryClass = {astro-ph.HE},
       adsurl = {https://ui.adsabs.harvard.edu/abs/2015ApJ...805...74B},
      adsnote = {Provided by the SAO/NASA Astrophysics Data System}
}

