@ARTICLE{2015MNRAS.454.3816C,
       author = {{Childress}, Michael J. and {Hillier}, D. John and {Seitenzahl}, Ivo and {Sullivan}, Mark and {Maguire}, Kate and {Taubenberger}, Stefan and {Scalzo}, Richard and {Ruiter}, Ashley and {Blagorodnova}, Nadejda and {Camacho}, Yssavo and {Castillo}, Jayden and {Elias-Rosa}, Nancy and {Fraser}, Morgan and {Gal-Yam}, Avishay and {Graham}, Melissa and {Howell}, D. Andrew and {Inserra}, Cosimo and {Jha}, Saurabh W. and {Kumar}, Sahana and {Mazzali}, Paolo A. and {McCully}, Curtis and {Morales-Garoffolo}, Antonia and {Pandya}, Viraj and {Polshaw}, Joe and {Schmidt}, Brian and {Smartt}, Stephen and {Smith}, Ken W. and {Sollerman}, Jesper and {Spyromilio}, Jason and {Tucker}, Brad and {Valenti}, Stefano and {Walton}, Nicholas and {Wolf}, Christian and {Yaron}, Ofer and {Young}, D.~R. and {Yuan}, Fang and {Zhang}, Bonnie},
        title = "{Measuring nickel masses in Type Ia supernovae using cobalt emission in nebular phase spectra}",
      journal = {\mnras},
     keywords = {supernovae: general, Astrophysics - High Energy Astrophysical Phenomena, Astrophysics - Solar and Stellar Astrophysics},
         year = 2015,
        month = dec,
       volume = {454},
       number = {4},
        pages = {3816-3842},
          doi = {10.1093/mnras/stv2173},
archivePrefix = {arXiv},
       eprint = {1507.02501},
 primaryClass = {astro-ph.HE},
       adsurl = {https://ui.adsabs.harvard.edu/abs/2015MNRAS.454.3816C},
      adsnote = {Provided by the SAO/NASA Astrophysics Data System}
}

