@ARTICLE{2006MNRAS.369.1880E,
       author = {{Elias-Rosa}, N. and {Benetti}, S. and {Cappellaro}, E. and {Turatto}, M. and {Mazzali}, P.~A. and {Patat}, F. and {Meikle}, W.~P.~S. and {Stehle}, M. and {Pastorello}, A. and {Pignata}, G. and {Kotak}, R. and {Harutyunyan}, A. and {Altavilla}, G. and {Navasardyan}, H. and {Qiu}, Y. and {Salvo}, M. and {Hillebrandt}, W.},
        title = "{Anomalous extinction behaviour towards the Type Ia SN 2003cg}",
      journal = {\mnras},
     keywords = {supernovae: general: supernovae: individual: SN 2003cg: dust, extinction, supernovae: general, supernovae: individual: SN 2003cg, dust, Astrophysics},
         year = 2006,
        month = jul,
       volume = {369},
       number = {4},
        pages = {1880-1900},
          doi = {10.1111/j.1365-2966.2006.10430.x},
archivePrefix = {arXiv},
       eprint = {astro-ph/0603316},
 primaryClass = {astro-ph},
       adsurl = {https://ui.adsabs.harvard.edu/abs/2006MNRAS.369.1880E},
      adsnote = {Provided by the SAO/NASA Astrophysics Data System}
}

