@ARTICLE{2020MNRAS.491.2902F,
       author = {{Fl{\"o}rs}, A. and {Spyromilio}, J. and {Taubenberger}, S. and {Blondin}, S. and {Cartier}, R. and {Leibundgut}, B. and {Dessart}, L. and {Dhawan}, S. and {Hillebrandt}, W.},
        title = "{Sub-Chandrasekhar progenitors favoured for Type Ia supernovae: evidence from late-time spectroscopy}",
      journal = {\mnras},
     keywords = {line: formation, line: identification, radiation mechanisms: thermal, supernovae: general, supernovae: individual: SN 2015F, SN 2017bzc, Astrophysics - High Energy Astrophysical Phenomena, Astrophysics - Solar and Stellar Astrophysics},
         year = 2020,
        month = jan,
       volume = {491},
       number = {2},
        pages = {2902-2918},
          doi = {10.1093/mnras/stz3013},
archivePrefix = {arXiv},
       eprint = {1909.11055},
 primaryClass = {astro-ph.HE},
       adsurl = {https://ui.adsabs.harvard.edu/abs/2020MNRAS.491.2902F},
      adsnote = {Provided by the SAO/NASA Astrophysics Data System}
}

