@ARTICLE{2011ApJ...729...55F,
       author = {{Foley}, Ryan J. and {Kasen}, Daniel},
        title = "{Measuring Ejecta Velocity Improves Type Ia Supernova Distances}",
      journal = {\apj},
     keywords = {distance scale, dust, extinction, supernovae: general, Astrophysics - Cosmology and Nongalactic Astrophysics},
         year = 2011,
        month = mar,
       volume = {729},
       number = {1},
          eid = {55},
        pages = {55},
          doi = {10.1088/0004-637X/729/1/55},
archivePrefix = {arXiv},
       eprint = {1011.4517},
 primaryClass = {astro-ph.CO},
       adsurl = {https://ui.adsabs.harvard.edu/abs/2011ApJ...729...55F},
      adsnote = {Provided by the SAO/NASA Astrophysics Data System}
}

