@ARTICLE{2015ApJ...814L...2F,
       author = {{Fransson}, Claes and {Jerkstrand}, Anders},
        title = "{Reconciling the Infrared Catastrophe and Observations of SN 2011fe}",
      journal = {\apjl},
     keywords = {supernovae: general, supernovae: individual: SN 2011fe, Astrophysics - Solar and Stellar Astrophysics},
         year = 2015,
        month = nov,
       volume = {814},
       number = {1},
          eid = {L2},
        pages = {L2},
          doi = {10.1088/2041-8205/814/1/L2},
archivePrefix = {arXiv},
       eprint = {1511.00245},
 primaryClass = {astro-ph.SR},
       adsurl = {https://ui.adsabs.harvard.edu/abs/2015ApJ...814L...2F},
      adsnote = {Provided by the SAO/NASA Astrophysics Data System}
}

