@ARTICLE{2022arXiv220107864G,
       author = {{Graham}, M.~L. and {Kennedy}, T.~D. and {Kumar}, S. and {Amaro}, R.~C. and {Sand}, D.~J. and {Jha}, S.~W. and {Galbany}, L. and {Vinko}, J. and {Wheeler}, J.~C. and {Hsiao}, E.~Y. and {Bostroem}, K.~A. and {Burke}, J. and {Hiramatsu}, D. and {Hosseinzadeh}, G. and {McCully}, C. and {Howell}, D.~A. and {Diamond}, T. and {Hoeflich}, P. and {Wang}, X. and {Li}, W.},
        title = "{Nebular-Phase Spectra of Type Ia Supernovae from the Las Cumbres Observatory Global Supernova Project}",
      journal = {arXiv e-prints},
     keywords = {Astrophysics - High Energy Astrophysical Phenomena},
         year = 2022,
        month = jan,
          eid = {arXiv:2201.07864},
        pages = {arXiv:2201.07864},
archivePrefix = {arXiv},
       eprint = {2201.07864},
 primaryClass = {astro-ph.HE},
       adsurl = {https://ui.adsabs.harvard.edu/abs/2022arXiv220107864G},
      adsnote = {Provided by the SAO/NASA Astrophysics Data System}
}

