@ARTICLE{2000ARA&A..38..191H,
       author = {{Hillebrandt}, Wolfgang and {Niemeyer}, Jens C.},
        title = "{Type IA Supernova Explosion Models}",
      journal = {\araa},
     keywords = {STELLAR EVOLUTION, HYDRODYNAMICS, Astrophysics},
         year = 2000,
        month = jan,
       volume = {38},
        pages = {191-230},
          doi = {10.1146/annurev.astro.38.1.191},
archivePrefix = {arXiv},
       eprint = {astro-ph/0006305},
 primaryClass = {astro-ph},
       adsurl = {https://ui.adsabs.harvard.edu/abs/2000ARA&A..38..191H},
      adsnote = {Provided by the SAO/NASA Astrophysics Data System}
}

