@ARTICLE{2019A&A...627A.174H,
       author = {{Holmbo}, S. and {Stritzinger}, M.~D. and {Shappee}, B.~J. and {Tucker}, M.~A. and {Zheng}, W. and {Ashall}, C. and {Phillips}, M.~M. and {Contreras}, C. and {Filippenko}, A.~V. and {Hoeflich}, P. and {Huber}, M. and {Piro}, A.~L. and {Wang}, X.~F. and {Zhang}, J. -J. and {Anais}, J. and {Baron}, E. and {Burns}, C.~R. and {Campillay}, A. and {Castell{\'o}n}, S. and {Corco}, C. and {Hsiao}, E.~Y. and {Krisciunas}, K. and {Morrell}, N. and {Nielsen}, M.~T.~B. and {Persson}, S.~E. and {Taddia}, F. and {Tomasella}, L. and {Zhang}, T. -M. and {Zhao}, X. -L.},
        title = "{Discovery and progenitor constraints on the Type Ia supernova 2013gy}",
      journal = {\aap},
     keywords = {supernovae: general, supernovae: individual SN 2013gy, Astrophysics - High Energy Astrophysical Phenomena},
         year = 2019,
        month = jul,
       volume = {627},
          eid = {A174},
        pages = {A174},
          doi = {10.1051/0004-6361/201834389},
archivePrefix = {arXiv},
       eprint = {1809.01359},
 primaryClass = {astro-ph.HE},
       adsurl = {https://ui.adsabs.harvard.edu/abs/2019A&A...627A.174H},
      adsnote = {Provided by the SAO/NASA Astrophysics Data System}
}

