@ARTICLE{2015ApJS..221...22I,
       author = {{Im}, Myungshin and {Choi}, Changsu and {Yoon}, Sung-Chul and {Kim}, Jae-Woo and {Ehgamberdiev}, Shuhrat A. and {Monard}, Libert A.~G. and {Sung}, Hyun-Il},
        title = "{The Very Early Light Curve of SN 2015F in NGC 2442: A Possible Detection of Shock-heated Cooling Emission and Constraints on SN Ia Progenitor System}",
      journal = {\apjs},
     keywords = {galaxies: distances and redshifts, supernovae: general, supernovae: individual: SN 2015F, white dwarfs, Astrophysics - High Energy Astrophysical Phenomena, Astrophysics - Cosmology and Nongalactic Astrophysics, Astrophysics - Astrophysics of Galaxies, Astrophysics - Solar and Stellar Astrophysics},
         year = 2015,
        month = nov,
       volume = {221},
       number = {1},
          eid = {22},
        pages = {22},
          doi = {10.1088/0067-0049/221/1/22},
archivePrefix = {arXiv},
       eprint = {1510.02084},
 primaryClass = {astro-ph.HE},
       adsurl = {https://ui.adsabs.harvard.edu/abs/2015ApJS..221...22I},
      adsnote = {Provided by the SAO/NASA Astrophysics Data System}
}


