@ARTICLE{2015A&A...573A..12J,
       author = {{Jerkstrand}, A. and {Ergon}, M. and {Smartt}, S.~J. and {Fransson}, C. and {Sollerman}, J. and {Taubenberger}, S. and {Bersten}, M. and {Spyromilio}, J.},
        title = "{Late-time spectral line formation in Type IIb supernovae, with application to SN 1993J, SN 2008ax, and SN 2011dh}",
      journal = {\aap},
     keywords = {line: identification, supernovae: individual: SN 2011dh, supernovae: individual: SN 2008ax, radiative transfer, line: formation, supernovae: individual: SN 1993J, Astrophysics - High Energy Astrophysical Phenomena, Astrophysics - Solar and Stellar Astrophysics},
         year = 2015,
        month = jan,
       volume = {573},
          eid = {A12},
        pages = {A12},
          doi = {10.1051/0004-6361/201423983},
archivePrefix = {arXiv},
       eprint = {1408.0732},
 primaryClass = {astro-ph.HE},
       adsurl = {https://ui.adsabs.harvard.edu/abs/2015A&A...573A..12J},
      adsnote = {Provided by the SAO/NASA Astrophysics Data System}
}

