@ARTICLE{2009AJ....138.1584K,
       author = {{Krisciunas}, Kevin and {Marion}, G.~H. and {Suntzeff}, Nicholas B. and {Blanc}, Guillaume and {Bufano}, Filomena and {Candia}, Pablo and {Cartier}, Regis and {Elias-Rosa}, Nancy and {Espinoza}, Juan and {Gonzalez}, David and {Gonzalez}, Luis and {Gonzalez}, Sergio and {Gooding}, Samuel D. and {Hamuy}, Mario and {Knox}, Ethan A. and {Milne}, Peter A. and {Morrell}, Nidia and {Phillips}, Mark M. and {Stritzinger}, Maximilian and {Thomas-Osip}, Joanna},
        title = "{The Fast Declining Type Ia Supernova 2003gs, and Evidence for a Significant Dispersion in Near-Infrared Absolute Magnitudes of Fast Decliners at Maximum Light}",
      journal = {\aj},
     keywords = {supernovae: individual: SN 2003gs, techniques: photometric, Astrophysics - Cosmology and Nongalactic Astrophysics},
         year = 2009,
        month = dec,
       volume = {138},
       number = {6},
        pages = {1584-1596},
          doi = {10.1088/0004-6256/138/6/1584},
archivePrefix = {arXiv},
       eprint = {0908.1918},
 primaryClass = {astro-ph.CO},
       adsurl = {https://ui.adsabs.harvard.edu/abs/2009AJ....138.1584K},
      adsnote = {Provided by the SAO/NASA Astrophysics Data System}
}

