@ARTICLE{1993AJ....105..301L,
       author = {{Leibundgut}, Bruno and {Kirshner}, Robert P. and {Phillips}, Mark M. and {Wells}, Lisa A. and {Suntzeff}, N.~B. and {Hamuy}, Mario and {Schommer}, R.~A. and {Walker}, A.~R. and {Gonzalez}, L. and {Ugarte}, P. and {Williams}, R.~E. and {Williger}, G. and {Gomez}, Mercedes and {Marzke}, Ronald and {Schmidt}, Brian P. and {Whitney}, Barbara and {Caldwell}, Nelson and {Peters}, J. and {Chaffee}, F.~H. and {Foltz}, Craig B. and {Rehner}, D. and {Siciliano}, L. and {Barnes}, T.~G. and {Cheng}, K. -P. and {Hintzen}, P.~M.~N. and {Kim}, Y. -C. and {Maza}, Jose and {Parker}, J. Wm. and {Porter}, A.~C. and {Schmidtke}, P.~C. and {Sonneborn}, George},
        title = "{SN 1991bg: A Type IA Supernova With a Difference}",
      journal = {\aj},
     keywords = {Astronomical Photometry, Light Curve, Stellar Luminosity, Stellar Spectra, Supernovae, Interstellar Extinction, Stellar Color, Stellar Mass Ejection, Astrophysics, SUPERNOVAE: INDIVIDUAL: SN 1991BG},
         year = 1993,
        month = jan,
       volume = {105},
        pages = {301},
          doi = {10.1086/116427},
       adsurl = {https://ui.adsabs.harvard.edu/abs/1993AJ....105..301L},
      adsnote = {Provided by the SAO/NASA Astrophysics Data System}
}

