@ARTICLE{2019ApJ...870...12L,
       author = {{Li}, W. and {Wang}, X. and {Vink{\'o}}, J. and {Mo}, J. and {Hosseinzadeh}, G. and {Sand}, D.~J. and {Zhang}, J. and {Lin}, H. and {PTSS/TNTS} and {Zhang}, T. and {Wang}, L. and {Zhang}, J. and {Chen}, Z. and {Xiang}, D. and {Rui}, L. and {Huang}, F. and {Li}, X. and {Zhang}, X. and {Li}, L. and {Baron}, E. and {Derkacy}, J.~M. and {Zhao}, X. and {Sai}, H. and {Zhang}, K. and {Wang}, L. and {LCO} and {Howell}, D.~A. and {McCully}, C. and {Arcavi}, I. and {Valenti}, S. and {Hiramatsu}, D. and {Burke}, J. and {KEGS} and {Rest}, A. and {Garnavich}, P. and {Tucker}, B.~E. and {Narayan}, G. and {Shaya}, E. and {Margheim}, S. and {Zenteno}, A. and {Villar}, A. and {UCSC} and {Dimitriadis}, G. and {Foley}, R.~J. and {Pan}, Y. -C. and {Coulter}, D.~A. and {Fox}, O.~D. and {Jha}, S.~W. and {Jones}, D.~O. and {Kasen}, D.~N. and {Kilpatrick}, C.~D. and {Piro}, A.~L. and {Riess}, A.~G. and {Rojas-Bravo}, C. and {ASAS-SN} and {Shappee}, B.~J. and {Holoien}, T.~W. -S. and {Stanek}, K.~Z. and {Drout}, M.~R. and {Auchettl}, K. and {Kochanek}, C.~S. and {Brown}, J.~S. and {Bose}, S. and {Bersier}, D. and {Brimacombe}, J. and {Chen}, P. and {Dong}, S. and {Holmbo}, S. and {Mu{\~n}oz}, J.~A. and {Mutel}, R.~L. and {Post}, R.~S. and {Prieto}, J.~L. and {Shields}, J. and {Tallon}, D. and {Thompson}, T.~A. and {Vallely}, P.~J. and {Villanueva}, S., Jr. and {Pan-STARRS} and {Smartt}, S.~J. and {Smith}, K.~W. and {Chambers}, K.~C. and {Flewelling}, H.~A. and {Huber}, M.~E. and {Magnier}, E.~A. and {Waters}, C.~Z. and {Schultz}, A.~S.~B. and {Bulger}, J. and {Lowe}, T.~B. and {Willman}, M. and {Konkoly/Texas} and {S{\'a}rneczky}, K. and {P{\'a}l}, A. and {Wheeler}, J.~C. and {B{\'o}di}, A. and {Bogn{\'a}r}, Zs. and {Cs{\'a}k}, B. and {Cseh}, B. and {Cs{\"o}rnyei}, G. and {Hanyecz}, O. and {Ign{\'a}cz}, B. and {Kalup}, Cs. and {K{\"o}nyves-T{\'o}th}, R. and {Kriskovics}, L. and {Ordasi}, A. and {Rajmon}, I. and {S{\'o}dor}, A. and {Szab{\'o}}, R. and {Szak{\'a}ts}, R. and {Zsidi}, G. and {Arizona}, University of and {Milne}, P. and {Andrews}, J.~E. and {Smith}, N. and {Bilinski}, C. and {Swift} and {Brown}, P.~J. and {ePESSTO} and {Nordin}, J. and {Williams}, S.~C. and {Galbany}, L. and {Palmerio}, J. and {Hook}, I.~M. and {Inserra}, C. and {Maguire}, K. and {Cartier}, R{\'e}gis and {Razza}, A. and {Guti{\'e}rrez}, C.~P. and {North Carolina}, University of and {Hermes}, J.~J. and {Reding}, J.~S. and {Kaiser}, B.~C. and {ATLAS} and {Tonry}, J.~L. and {Heinze}, A.~N. and {Denneau}, L. and {Weiland}, H. and {Stalder}, B. and {K2 Mission Team} and {Barentsen}, G. and {Dotson}, J. and {Barclay}, T. and {Gully-Santiago}, M. and {Hedges}, C. and {Cody}, A.~M. and {Howell}, S. and {Kepler Spacecraft Team} and {Coughlin}, J. and {Van Cleve}, J.~E. and {Cardoso}, J. Vin{\'\i}cius de Miranda and {Larson}, K.~A. and {McCalmont-Everton}, K.~M. and {Peterson}, C.~A. and {Ross}, S.~E. and {Reedy}, L.~H. and {Osborne}, D. and {McGinn}, C. and {Kohnert}, L. and {Migliorini}, L. and {Wheaton}, A. and {Spencer}, B. and {Labonde}, C. and {Castillo}, G. and {Beerman}, G. and {Steward}, K. and {Hanley}, M. and {Larsen}, R. and {Gangopadhyay}, R. and {Kloetzel}, R. and {Weschler}, T. and {Nystrom}, V. and {Moffatt}, J. and {Redick}, M. and {Griest}, K. and {Packard}, M. and {Muszynski}, M. and {Kampmeier}, J. and {Bjella}, R. and {Flynn}, S. and {Elsaesser}, B.},
        title = "{Photometric and Spectroscopic Properties of Type Ia Supernova 2018oh with Early Excess Emission from the Kepler 2 Observations}",
      journal = {\apj},
     keywords = {supernovae: general, supernovae: individual: SN 2018oh, Astrophysics - Solar and Stellar Astrophysics, Astrophysics - High Energy Astrophysical Phenomena},
         year = 2019,
        month = jan,
       volume = {870},
       number = {1},
          eid = {12},
        pages = {12},
          doi = {10.3847/1538-4357/aaec74},
archivePrefix = {arXiv},
       eprint = {1811.10056},
 primaryClass = {astro-ph.SR},
       adsurl = {https://ui.adsabs.harvard.edu/abs/2019ApJ...870...12L},
      adsnote = {Provided by the SAO/NASA Astrophysics Data System}
}

