@ARTICLE{2010Natur.466...82M,
       author = {{Maeda}, K. and {Benetti}, S. and {Stritzinger}, M. and {R{\"o}pke}, F.~K. and {Folatelli}, G. and {Sollerman}, J. and {Taubenberger}, S. and {Nomoto}, K. and {Leloudas}, G. and {Hamuy}, M. and {Tanaka}, M. and {Mazzali}, P.~A. and {Elias-Rosa}, N.},
        title = "{An asymmetric explosion as the origin of spectral evolution diversity in type Ia supernovae}",
      journal = {\nat},
     keywords = {Astrophysics - Cosmology and Nongalactic Astrophysics, Astrophysics - High Energy Astrophysical Phenomena, Astrophysics - Solar and Stellar Astrophysics},
         year = 2010,
        month = jul,
       volume = {466},
       number = {7302},
        pages = {82-85},
          doi = {10.1038/nature09122},
archivePrefix = {arXiv},
       eprint = {1006.5888},
 primaryClass = {astro-ph.CO},
       adsurl = {https://ui.adsabs.harvard.edu/abs/2010Natur.466...82M},
      adsnote = {Provided by the SAO/NASA Astrophysics Data System}
}

