@ARTICLE{2016MNRAS.457.3254M,
       author = {{Maguire}, K. and {Taubenberger}, S. and {Sullivan}, M. and {Mazzali}, P.~A.},
        title = "{Searching for swept-up hydrogen and helium in the late-time spectra of 11 nearby Type Ia supernovae}",
      journal = {\mnras},
     keywords = {line: profiles, supernovae: general, Astrophysics - Solar and Stellar Astrophysics, Astrophysics - High Energy Astrophysical Phenomena},
         year = 2016,
        month = apr,
       volume = {457},
       number = {3},
        pages = {3254-3265},
          doi = {10.1093/mnras/stv2991},
archivePrefix = {arXiv},
       eprint = {1512.07107},
 primaryClass = {astro-ph.SR},
       adsurl = {https://ui.adsabs.harvard.edu/abs/2016MNRAS.457.3254M},
      adsnote = {Provided by the SAO/NASA Astrophysics Data System}
}

