@ARTICLE{2018MNRAS.477.3567M,
       author = {{Maguire}, K. and {Sim}, S.~A. and {Shingles}, L. and {Spyromilio}, J. and {Jerkstrand}, A. and {Sullivan}, M. and {Chen}, T. -W. and {Cartier}, R. and {Dimitriadis}, G. and {Frohmaier}, C. and {Galbany}, L. and {Guti{\'e}rrez}, C.~P. and {Hosseinzadeh}, G. and {Howell}, D.~A. and {Inserra}, C. and {Rudy}, R. and {Sollerman}, J.},
        title = "{Using late-time optical and near-infrared spectra to constrain Type Ia supernova explosion properties}",
      journal = {\mnras},
     keywords = {line: profiles, techniques: spectroscopic, supernovae: general, Astrophysics - High Energy Astrophysical Phenomena, Astrophysics - Cosmology and Nongalactic Astrophysics, Astrophysics - Solar and Stellar Astrophysics},
         year = 2018,
        month = jul,
       volume = {477},
       number = {3},
        pages = {3567-3582},
          doi = {10.1093/mnras/sty820},
archivePrefix = {arXiv},
       eprint = {1803.10252},
 primaryClass = {astro-ph.HE},
       adsurl = {https://ui.adsabs.harvard.edu/abs/2018MNRAS.477.3567M},
      adsnote = {Provided by the SAO/NASA Astrophysics Data System}
}

