@ARTICLE{2020ApJ...898...56M,
       author = {{Miller}, A.~A. and {Magee}, M.~R. and {Polin}, A. and {Maguire}, K. and {Zimmerman}, E. and {Yao}, Y. and {Sollerman}, J. and {Schulze}, S. and {Perley}, D.~A. and {Kromer}, M. and {Dhawan}, S. and {Bulla}, M. and {Andreoni}, I. and {Bellm}, E.~C. and {De}, K. and {Dekany}, R. and {Delacroix}, A. and {Fremling}, C. and {Gal-Yam}, A. and {Goldstein}, D.~A. and {Golkhou}, V.~Z. and {Goobar}, A. and {Graham}, M.~J. and {Irani}, I. and {Kasliwal}, M.~M. and {Kaye}, S. and {Kim}, Y. -L. and {Laher}, R.~R. and {Mahabal}, A.~A. and {Masci}, F.~J. and {Nugent}, P.~E. and {Ofek}, E. and {Phinney}, E.~S. and {Prentice}, S.~J. and {Riddle}, R. and {Rigault}, M. and {Rusholme}, B. and {Schweyer}, T. and {Shupe}, D.~L. and {Soumagnac}, M.~T. and {Terreran}, G. and {Walters}, R. and {Yan}, L. and {Zolkower}, J. and {Kulkarni}, S.~R.},
        title = "{The Spectacular Ultraviolet Flash from the Peculiar Type Ia Supernova 2019yvq}",
      journal = {\apj},
     keywords = {Surveys, Supernovae, Type Ia supernovae, White dwarf stars, Observational astronomy, 1671, 1668, 1728, 1799, 1145, Astrophysics - High Energy Astrophysical Phenomena, Astrophysics - Solar and Stellar Astrophysics},
         year = 2020,
        month = jul,
       volume = {898},
       number = {1},
          eid = {56},
        pages = {56},
          doi = {10.3847/1538-4357/ab9e05},
archivePrefix = {arXiv},
       eprint = {2005.05972},
 primaryClass = {astro-ph.HE},
       adsurl = {https://ui.adsabs.harvard.edu/abs/2020ApJ...898...56M},
      adsnote = {Provided by the SAO/NASA Astrophysics Data System}
}

