@ARTICLE{2019PASA...36...31P,
       author = {{Panther}, Fiona H. and {Seitenzahl}, Ivo R. and {Ruiter}, Ashley J. and {Crocker}, Roland M. and {Lidman}, Chris and {Wang}, Ella Xi and {Tucker}, Brad E. and {Groves}, Brent},
        title = "{SN1991bg-like supernovae are associated with old stellar populations}",
      journal = {\pasa},
     keywords = {galaxies: stellar content, supernovae: general, supernovae: individual: SN1991bg, techniques: imaging spectroscopy, Astrophysics - Astrophysics of Galaxies, Astrophysics - Solar and Stellar Astrophysics},
         year = 2019,
        month = aug,
       volume = {36},
          eid = {e031},
        pages = {e031},
          doi = {10.1017/pasa.2019.24},
archivePrefix = {arXiv},
       eprint = {1904.10139},
 primaryClass = {astro-ph.GA},
       adsurl = {https://ui.adsabs.harvard.edu/abs/2019PASA...36...31P},
      adsnote = {Provided by the SAO/NASA Astrophysics Data System}
}

