@ARTICLE{1999AJ....118.1766P,
       author = {{Phillips}, M.~M. and {Lira}, Paulina and {Suntzeff}, Nicholas B. and {Schommer}, R.~A. and {Hamuy}, Mario and {Maza}, Jos{\'e}},
        title = "{The Reddening-Free Decline Rate Versus Luminosity Relationship for Type IA Supernovae}",
      journal = {\aj},
     keywords = {COSMOLOGY: DISTANCE SCALE, STARS: SUPERNOVAE: GENERAL, Astrophysics},
         year = 1999,
        month = oct,
       volume = {118},
       number = {4},
        pages = {1766-1776},
          doi = {10.1086/301032},
archivePrefix = {arXiv},
       eprint = {astro-ph/9907052},
 primaryClass = {astro-ph},
       adsurl = {https://ui.adsabs.harvard.edu/abs/1999AJ....118.1766P},
      adsnote = {Provided by the SAO/NASA Astrophysics Data System}
}

