@ARTICLE{1993ApJ...413L.105P,
       author = {{Phillips}, M.~M.},
        title = "{The Absolute Magnitudes of Type IA Supernovae}",
      journal = {\apjl},
     keywords = {Light Curve, Stellar Magnitude, Supernovae, White Dwarf Stars, Astronomical Photometry, Brightness Distribution, Stellar Luminosity, Astrophysics, COSMOLOGY: DISTANCE SCALE, STARS: SUPERNOVAE: GENERAL},
         year = 1993,
        month = aug,
       volume = {413},
        pages = {L105},
          doi = {10.1086/186970},
       adsurl = {https://ui.adsabs.harvard.edu/abs/1993ApJ...413L.105P},
      adsnote = {Provided by the SAO/NASA Astrophysics Data System}
}

