@ARTICLE{1987PASP...99..592P,
       author = {{Phillips}, M.~M. and {Phillips}, A.~C. and {Heathcote}, S.~R. and {Blanco}, V.~M. and {Geisler}, D. and {Hamilton}, D. and {Suntzeff}, N.~B. and {Jablonski}, F.~J. and {Steiner}, J.~E. and {Cowley}, A.~P. and {Schmidtke}, P. and {Wyckoff}, S. and {Hutchings}, J.~B. and {Tonry}, J. and {Strauss}, M.~A. and {Thorstensen}, J.~R. and {Honey}, W. and {Maza}, J. and {Ruiz}, M.~T. and {Landolt}, A.~U. and {Uomoto}, A. and {Rich}, R.~M. and {Grindlay}, J.~E. and {Cohn}, H. and {Smith}, H.~A. and {Lutz}, J.~H. and {Lavery}, R.~J. and {Saha}, A.},
        title = "{The type IA supernova 1986G in NGC 5128 : optical photometry and spectra.}",
      journal = {\pasp},
     keywords = {Light Curve, Radio Galaxies, Stellar Spectra, Supernovae, Visible Spectrum, Absorption Spectra, Interstellar Extinction, Radiant Flux Density, Spectral Energy Distribution, Spectral Line Width, Ubv Spectra, Astronomy},
         year = 1987,
        month = jul,
       volume = {99},
        pages = {592-605},
          doi = {10.1086/132020},
       adsurl = {https://ui.adsabs.harvard.edu/abs/1987PASP...99..592P},
      adsnote = {Provided by the SAO/NASA Astrophysics Data System}
}

