@ARTICLE{2013MNRAS.429.1156S,
       author = {{Seitenzahl}, Ivo R. and {Ciaraldi-Schoolmann}, Franco and {R{\"o}pke}, Friedrich K. and {Fink}, Michael and {Hillebrandt}, Wolfgang and {Kromer}, Markus and {Pakmor}, R{\"u}diger and {Ruiter}, Ashley J. and {Sim}, Stuart A. and {Taubenberger}, Stefan},
        title = "{Three-dimensional delayed-detonation models with nucleosynthesis for Type Ia supernovae}",
      journal = {\mnras},
     keywords = {nuclear reactions, nucleosynthesis, abundances, supernovae: general, white dwarfs, Astrophysics - Solar and Stellar Astrophysics, Astrophysics - High Energy Astrophysical Phenomena},
         year = 2013,
        month = feb,
       volume = {429},
       number = {2},
        pages = {1156-1172},
          doi = {10.1093/mnras/sts402},
archivePrefix = {arXiv},
       eprint = {1211.3015},
 primaryClass = {astro-ph.SR},
       adsurl = {https://ui.adsabs.harvard.edu/abs/2013MNRAS.429.1156S},
      adsnote = {Provided by the SAO/NASA Astrophysics Data System}
}

