@ARTICLE{2018ApJ...855....6S,
       author = {{Shappee}, B.~J. and {Piro}, A.~L. and {Stanek}, K.~Z. and {Patel}, S.~G. and {Margutti}, R.~A. and {Lipunov}, V.~M. and {Pogge}, R.~W.},
        title = "{Strong Evidence against a Non-degenerate Companion in SN 2012cg}",
      journal = {\apj},
     keywords = {supernovae: individual: SN 2012cg, Astrophysics - High Energy Astrophysical Phenomena},
         year = 2018,
        month = mar,
       volume = {855},
       number = {1},
          eid = {6},
        pages = {6},
          doi = {10.3847/1538-4357/aaa1e9},
archivePrefix = {arXiv},
       eprint = {1610.07601},
 primaryClass = {astro-ph.HE},
       adsurl = {https://ui.adsabs.harvard.edu/abs/2018ApJ...855....6S},
      adsnote = {Provided by the SAO/NASA Astrophysics Data System}
}

