@ARTICLE{2018ApJ...854...52S,
       author = {{Shen}, Ken J. and {Kasen}, Daniel and {Miles}, Broxton J. and {Townsley}, Dean M.},
        title = "{Sub-Chandrasekhar-mass White Dwarf Detonations Revisited}",
      journal = {\apj},
     keywords = {binaries: close, nuclear reactions, nucleosynthesis, abundances, radiative transfer, supernovae: general, white dwarfs, Astrophysics - High Energy Astrophysical Phenomena, Astrophysics - Solar and Stellar Astrophysics},
         year = 2018,
        month = feb,
       volume = {854},
       number = {1},
          eid = {52},
        pages = {52},
          doi = {10.3847/1538-4357/aaa8de},
archivePrefix = {arXiv},
       eprint = {1706.01898},
 primaryClass = {astro-ph.HE},
       adsurl = {https://ui.adsabs.harvard.edu/abs/2018ApJ...854...52S},
      adsnote = {Provided by the SAO/NASA Astrophysics Data System}
}

