@ARTICLE{2013MNRAS.430.1030S,
       author = {{Silverman}, Jeffrey M. and {Ganeshalingam}, Mohan and {Filippenko}, Alexei V.},
        title = "{Berkeley Supernova Ia Program - V. Late-time spectra of Type Ia Supernovae}",
      journal = {\mnras},
     keywords = {methods: data analysis, techniques: spectroscopic, supernovae: general, Astrophysics - Cosmology and Nongalactic Astrophysics},
         year = 2013,
        month = apr,
       volume = {430},
       number = {2},
        pages = {1030-1041},
          doi = {10.1093/mnras/sts674},
archivePrefix = {arXiv},
       eprint = {1211.0279},
 primaryClass = {astro-ph.CO},
       adsurl = {https://ui.adsabs.harvard.edu/abs/2013MNRAS.430.1030S},
      adsnote = {Provided by the SAO/NASA Astrophysics Data System}
}

