@ARTICLE{2012ApJ...756L...7S,
       author = {{Silverman}, Jeffrey M. and {Ganeshalingam}, Mohan and {Cenko}, S. Bradley and {Filippenko}, Alexei V. and {Li}, Weidong and {Barth}, Aaron J. and {Carson}, Daniel J. and {Childress}, Michael and {Clubb}, Kelsey I. and {Cucchiara}, Antonino and {Graham}, Melissa L. and {Marion}, G.~H. and {Nguyen}, My L. and {Pei}, Liuyi and {Tucker}, Brad E. and {Vinko}, Jozsef and {Wheeler}, J. Craig and {Worseck}, Gabor},
        title = "{The Very Young Type Ia Supernova 2012cg: Discovery and Early-time Follow-up Observations}",
      journal = {\apjl},
     keywords = {supernovae: general, supernovae: individual: SN 2012cg, Astrophysics - Cosmology and Nongalactic Astrophysics},
         year = 2012,
        month = sep,
       volume = {756},
       number = {1},
          eid = {L7},
        pages = {L7},
          doi = {10.1088/2041-8205/756/1/L7},
archivePrefix = {arXiv},
       eprint = {1206.1328},
 primaryClass = {astro-ph.CO},
       adsurl = {https://ui.adsabs.harvard.edu/abs/2012ApJ...756L...7S},
      adsnote = {Provided by the SAO/NASA Astrophysics Data System}
}

