@ARTICLE{2010ApJ...714L..52S,
       author = {{Sim}, S.~A. and {R{\"o}pke}, F.~K. and {Hillebrandt}, W. and {Kromer}, M. and {Pakmor}, R. and {Fink}, M. and {Ruiter}, A.~J. and {Seitenzahl}, I.~R.},
        title = "{Detonations in Sub-Chandrasekhar-mass C+O White Dwarfs}",
      journal = {\apjl},
     keywords = {radiative transfer, supernovae: general, white dwarfs, Astrophysics - High Energy Astrophysical Phenomena},
         year = 2010,
        month = may,
       volume = {714},
       number = {1},
        pages = {L52-L57},
          doi = {10.1088/2041-8205/714/1/L52},
archivePrefix = {arXiv},
       eprint = {1003.2917},
 primaryClass = {astro-ph.HE},
       adsurl = {https://ui.adsabs.harvard.edu/abs/2010ApJ...714L..52S},
      adsnote = {Provided by the SAO/NASA Astrophysics Data System}
}

