@ARTICLE{2016MNRAS.457.1000S,
       author = {{Srivastav}, Shubham and {Ninan}, J.~P. and {Kumar}, B. and {Anupama}, G.~C. and {Sahu}, D.~K. and {Ojha}, D.~K. and {Prabhu}, T.~P.},
        title = "{Optical and NIR observations of the nearby type Ia supernova SN 2014J}",
      journal = {\mnras},
     keywords = {supernovae: general, supernovae: individual: SN 2014J, galaxies: individual: M82, Astrophysics - Solar and Stellar Astrophysics, Astrophysics - High Energy Astrophysical Phenomena},
         year = 2016,
        month = mar,
       volume = {457},
       number = {1},
        pages = {1000-1014},
          doi = {10.1093/mnras/stw039},
archivePrefix = {arXiv},
       eprint = {1601.00805},
 primaryClass = {astro-ph.SR},
       adsurl = {https://ui.adsabs.harvard.edu/abs/2016MNRAS.457.1000S},
      adsnote = {Provided by the SAO/NASA Astrophysics Data System}
}

