@ARTICLE{1999AJ....117.1175S,
       author = {{Suntzeff}, Nicholas B. and {Phillips}, M.~M. and {Covarrubias}, R. and {Navarrete}, M. and {P{\'e}rez}, J.~J. and {Guerra}, A. and {Acevedo}, M.~T. and {Doyle}, Laurance R. and {Harrison}, Thomas and {Kane}, Stephen and {Long}, Knox S. and {Maza}, Jos{\'e} and {Miller}, Scott and {Piatti}, Andr{\'e}s E. and {Clari{\'a}}, Juan J. and {Ahumada}, Andrea V. and {Pritzl}, Barton and {Winkler}, P. Frank},
        title = "{Optical Light Curve of the Type IA Supernova 1998BU in M96 and the Supernova Calibration of the Hubble Constant}",
      journal = {\aj},
     keywords = {COSMOLOGY: DISTANCE SCALE, GALAXIES: INDIVIDUAL: NGC NUMBER: NGC 3368, STARS: SUPERNOVAE: GENERAL, SUPERNOVAE: INDIVIDUAL (SN 1998BU), Astrophysics},
         year = 1999,
        month = mar,
       volume = {117},
       number = {3},
        pages = {1175-1184},
          doi = {10.1086/300771},
archivePrefix = {arXiv},
       eprint = {astro-ph/9811205},
 primaryClass = {astro-ph},
       adsurl = {https://ui.adsabs.harvard.edu/abs/1999AJ....117.1175S},
      adsnote = {Provided by the SAO/NASA Astrophysics Data System}
}

