@ARTICLE{2003ApJ...590L..83T,
       author = {{Timmes}, F.~X. and {Brown}, Edward F. and {Truran}, J.~W.},
        title = "{On Variations in the Peak Luminosity of Type Ia Supernovae}",
      journal = {\apjl},
     keywords = {Galaxies: Abundances, Galaxies: Evolution, Nuclear Reactions, Nucleosynthesis, Abundances, Stars: Abundances, Stars: Supernovae: General, Astrophysics},
         year = 2003,
        month = jun,
       volume = {590},
       number = {2},
        pages = {L83-L86},
          doi = {10.1086/376721},
archivePrefix = {arXiv},
       eprint = {astro-ph/0305114},
 primaryClass = {astro-ph},
       adsurl = {https://ui.adsabs.harvard.edu/abs/2003ApJ...590L..83T},
      adsnote = {Provided by the SAO/NASA Astrophysics Data System}
}

