@ARTICLE{2021arXiv211100016T,
       author = {{Tucker}, M.~A. and {Ashall}, C. and {Shappee}, B.~J. and {Kochanek}, C.~S. and {Stanek}, K.~Z. and {Garnavich}, P.},
        title = "{A Rapid Ionization Change in the Nebular-Phase Spectra of the Type Ia SN 2011fe}",
      journal = {arXiv e-prints},
     keywords = {Astrophysics - High Energy Astrophysical Phenomena},
         year = 2021,
        month = oct,
          eid = {arXiv:2111.00016},
        pages = {arXiv:2111.00016},
archivePrefix = {arXiv},
       eprint = {2111.00016},
 primaryClass = {astro-ph.HE},
       adsurl = {https://ui.adsabs.harvard.edu/abs/2021arXiv211100016T},
      adsnote = {Provided by the SAO/NASA Astrophysics Data System}
}

