@ARTICLE{2013Sci...340..170W,
       author = {{Wang}, Xiaofeng and {Wang}, Lifan and {Filippenko}, Alexei V. and {Zhang}, Tianmeng and {Zhao}, Xulin},
        title = "{Evidence for Two Distinct Populations of Type Ia Supernovae}",
      journal = {Science},
     keywords = {ASTRONOMY Astronomy, Sociology, Environment, Astrophysics - Cosmology and Extragalactic Astrophysics, Astrophysics - High Energy Astrophysical Phenomena},
         year = 2013,
        month = apr,
       volume = {340},
       number = {6129},
        pages = {170-173},
          doi = {10.1126/science.1231502},
archivePrefix = {arXiv},
       eprint = {1303.2601},
 primaryClass = {astro-ph.CO},
       adsurl = {https://ui.adsabs.harvard.edu/abs/2013Sci...340..170W},
      adsnote = {Provided by the SAO/NASA Astrophysics Data System}
}

