@ARTICLE{2020ApJ...904...14W,
       author = {{Wang}, Lingzhi and {Contreras}, Carlos and {Hu}, Maokai and {Hamuy}, Mario A. and {Hsiao}, Eric Y. and {Sand}, David J. and {Anderson}, Joseph P. and {Ashall}, Chris and {Burns}, Christopher R. and {Chen}, Juncheng and {Diamond}, Tiara R. and {Davis}, Scott and {F{\"o}rster}, Francisco and {Galbany}, Llu{\'\i}s and {Gonz{\'a}lez-Gait{\'a}n}, Santiago and {Gromadzki}, Mariusz and {Hoeflich}, Peter and {Li}, Wenxiong and {Marion}, G.~H. and {Morrell}, Nidia and {Pignata}, Giuliano and {Prieto}, Jose L. and {Phillips}, Mark M. and {Shahbandeh}, Melissa and {Suntzeff}, Nicholas B. and {Valenti}, Stefano and {Wang}, Lifan and {Wang}, Xiaofeng and {Young}, D.~R. and {Yu}, Lixin and {Zhang}, Jujia},
        title = "{Optical and Near-infrared Observations of the Nearby SN Ia 2017cbv}",
      journal = {\apj},
     keywords = {Type Ia supernovae, 1728, Astrophysics - High Energy Astrophysical Phenomena},
         year = 2020,
        month = nov,
       volume = {904},
       number = {1},
          eid = {14},
        pages = {14},
          doi = {10.3847/1538-4357/abba82},
archivePrefix = {arXiv},
       eprint = {2009.11415},
 primaryClass = {astro-ph.HE},
       adsurl = {https://ui.adsabs.harvard.edu/abs/2020ApJ...904...14W},
      adsnote = {Provided by the SAO/NASA Astrophysics Data System}
}

