@ARTICLE{2008ApJ...675..626W,
       author = {{Wang}, Xiaofeng and {Li}, Weidong and {Filippenko}, Alexei V. and {Krisciunas}, Kevin and {Suntzeff}, Nicholas B. and {Li}, Junzheng and {Zhang}, Tianmeng and {Deng}, Jingsong and {Foley}, Ryan J. and {Ganeshalingam}, Mohan and {Li}, Tipei and {Lou}, YuQing and {Qiu}, Yulei and {Shang}, Rencheng and {Silverman}, Jeffrey M. and {Zhang}, Shuangnan and {Zhang}, Youhong},
        title = "{Optical and Near-Infrared Observations of the Highly Reddened, Rapidly Expanding Type Ia Supernova SN 2006X in M100}",
      journal = {\apj},
     keywords = {distance scale, dust, extinction, galaxies: individual: NGC 4321, supernovae: individual: SN 2006X, Astrophysics},
         year = 2008,
        month = mar,
       volume = {675},
       number = {1},
        pages = {626-643},
          doi = {10.1086/526413},
archivePrefix = {arXiv},
       eprint = {0708.0140},
 primaryClass = {astro-ph},
       adsurl = {https://ui.adsabs.harvard.edu/abs/2008ApJ...675..626W},
      adsnote = {Provided by the SAO/NASA Astrophysics Data System}
}

