@ARTICLE{2019ApJ...882..120W,
       author = {{Wang}, Xiaofeng and {Chen}, Jia and {Wang}, Lifan and {Hu}, Maokai and {Xi}, Gaobo and {Yang}, Yi and {Zhao}, Xulin and {Li}, Wenxiong},
        title = "{The Cold and Dusty Circumstellar Matter around Fast-expanding Type Ia Supernovae}",
      journal = {\apj},
     keywords = {binaries: symbiotic, scattering, stars: circumstellar matter, supernovae: general, Astrophysics - High Energy Astrophysical Phenomena},
         year = 2019,
        month = sep,
       volume = {882},
       number = {2},
          eid = {120},
        pages = {120},
          doi = {10.3847/1538-4357/ab26b5},
archivePrefix = {arXiv},
       eprint = {1810.11936},
 primaryClass = {astro-ph.HE},
       adsurl = {https://ui.adsabs.harvard.edu/abs/2019ApJ...882..120W},
      adsnote = {Provided by the SAO/NASA Astrophysics Data System}
}

