@ARTICLE{2009ApJ...699L.139W,
       author = {{Wang}, X. and {Filippenko}, A.~V. and {Ganeshalingam}, M. and {Li}, W. and {Silverman}, J.~M. and {Wang}, L. and {Chornock}, R. and {Foley}, R.~J. and {Gates}, E.~L. and {Macomber}, B. and {Serduke}, F.~J.~D. and {Steele}, T.~N. and {Wong}, D.~S.},
        title = "{Improved Distances to Type Ia Supernovae with Two Spectroscopic Subclasses}",
      journal = {\apjl},
     keywords = {cosmology: observations, distance scale, dust, extinction, supernovae: general, Astrophysics - Cosmology and Extragalactic Astrophysics, Astrophysics - High Energy Astrophysical Phenomena},
         year = 2009,
        month = jul,
       volume = {699},
       number = {2},
        pages = {L139-L143},
          doi = {10.1088/0004-637X/699/2/L139},
archivePrefix = {arXiv},
       eprint = {0906.1616},
 primaryClass = {astro-ph.CO},
       adsurl = {https://ui.adsabs.harvard.edu/abs/2009ApJ...699L.139W},
      adsnote = {Provided by the SAO/NASA Astrophysics Data System}
}

