@ARTICLE{2018MNRAS.481..878Z,
       author = {{Zhang}, Kaicheng and {Wang}, Xiaofeng and {Zhang}, JuJia and {Zhang}, Tianmeng and {Benetti}, S. and {Elias-Rosa}, N. and {Huang}, Fang and {Lin}, Han and {Li}, Linyi and {Li}, Wenxiong and {Ochner}, P. and {Pastorello}, A. and {Rui}, Liming and {Tartaglia}, L. and {Tomasella}, L. and {Siviero}, A. and {Munari}, U. and {Terreran}, G. and {Song}, Hao and {Taubenberger}, S. and {Wheeler}, J. Craig and {Xiang}, Danfeng and {Zhao}, Xulin and {Li}, Hongbin and {Bai}, Jinming and {Jiang}, Xiaojun and {Shi}, Jianrong and {Wu}, Zhenyu},
        title = "{SN 2014J in M82: new insights on the spectral diversity of Type Ia supernovae}",
      journal = {\mnras},
     keywords = {supernovae: general, supernovae: individual (SN 2014J), Astrophysics - Solar and Stellar Astrophysics, Astrophysics - High Energy Astrophysical Phenomena},
         year = 2018,
        month = aug,
       volume = {481},
       number = {1},
        pages = {878-893},
          doi = {10.1093/mnras/sty2289},
archivePrefix = {arXiv},
       eprint = {1808.06311},
 primaryClass = {astro-ph.SR},
       adsurl = {https://ui.adsabs.harvard.edu/abs/2018MNRAS.481..878Z},
      adsnote = {Provided by the SAO/NASA Astrophysics Data System}
}

