@ARTICLE{2014AJ....148....1Z,
       author = {{Zhang}, Ju-Jia and {Wang}, Xiao-Feng and {Bai}, Jin-Ming and {Zhang}, Tian-Meng and {Wang}, Bo and {Liu}, Zheng-Wei and {Zhao}, Xu-Lin and {Chen}, Jun-Cheng},
        title = "{Optical and Ultraviolet Observations of the Narrow-lined Type Ia SN 2012fr in NGC 1365}",
      journal = {\aj},
     keywords = {supernovae: individual: 2012fr, Astrophysics - Solar and Stellar Astrophysics},
         year = 2014,
        month = jul,
       volume = {148},
       number = {1},
          eid = {1},
        pages = {1},
          doi = {10.1088/0004-6256/148/1/1},
archivePrefix = {arXiv},
       eprint = {1403.0398},
 primaryClass = {astro-ph.SR},
       adsurl = {https://ui.adsabs.harvard.edu/abs/2014AJ....148....1Z},
      adsnote = {Provided by the SAO/NASA Astrophysics Data System}
}

