@ARTICLE{2015ApJS..220...20Z,
       author = {{Zhao}, Xulin and {Wang}, Xiaofeng and {Maeda}, Keiichi and {Sai}, Hanna and {Zhang}, Tianmeng and {Zhang}, Jujia and {Huang}, Fang and {Rui}, Liming and {Zhou}, Qi and {Mo}, Jun},
        title = "{The Silicon and Calcium High-velocity Features in Type Ia Supernovae from Early to Maximum Phases}",
      journal = {\apjs},
     keywords = {methods: data analysis, supernovae: general, techniques: spectroscopic, Astrophysics - High Energy Astrophysical Phenomena},
         year = 2015,
        month = sep,
       volume = {220},
       number = {1},
          eid = {20},
        pages = {20},
          doi = {10.1088/0067-0049/220/1/20},
archivePrefix = {arXiv},
       eprint = {1508.02042},
 primaryClass = {astro-ph.HE},
       adsurl = {https://ui.adsabs.harvard.edu/abs/2015ApJS..220...20Z},
      adsnote = {Provided by the SAO/NASA Astrophysics Data System}
}

