@ARTICLE{2013ApJ...778L..15Z,
       author = {{Zheng}, WeiKang and {Silverman}, Jeffrey M. and {Filippenko}, Alexei V. and {Kasen}, Daniel and {Nugent}, Peter E. and {Graham}, Melissa and {Wang}, Xiaofeng and {Valenti}, Stefano and {Ciabattari}, Fabrizio and {Kelly}, Patrick L. and {Fox}, Ori D. and {Shivvers}, Isaac and {Clubb}, Kelsey I. and {Cenko}, S. Bradley and {Balam}, Dave and {Howell}, D. Andrew and {Hsiao}, Eric and {Li}, Weidong and {Marion}, G. Howie and {Sand}, David and {Vinko}, Jozsef and {Wheeler}, J. Craig and {Zhang}, JuJia},
        title = "{The Very Young Type Ia Supernova 2013dy: Discovery, and Strong Carbon Absorption in Early-time Spectra}",
      journal = {\apjl},
     keywords = {supernovae: general, supernovae: individual: SN 2013dy, Astrophysics - Cosmology and Nongalactic Astrophysics, Astrophysics - Solar and Stellar Astrophysics},
         year = 2013,
        month = nov,
       volume = {778},
       number = {1},
          eid = {L15},
        pages = {L15},
          doi = {10.1088/2041-8205/778/1/L15},
archivePrefix = {arXiv},
       eprint = {1310.5188},
 primaryClass = {astro-ph.CO},
       adsurl = {https://ui.adsabs.harvard.edu/abs/2013ApJ...778L..15Z},
      adsnote = {Provided by the SAO/NASA Astrophysics Data System}
}

