@ARTICLE{2014ApJ...788L..21A,
       author = {{Amanullah}, R. and {Goobar}, A. and {Johansson}, J. and {Banerjee}, D.~P.~K. and {Venkataraman}, V. and {Joshi}, V. and {Ashok}, N.~M. and {Cao}, Y. and {Kasliwal}, M.~M. and {Kulkarni}, S.~R. and {Nugent}, P.~E. and {Petrushevska}, T. and {Stanishev}, V.},
        title = "{The Peculiar Extinction Law of SN 2014J Measured with the Hubble Space Telescope}",
      journal = {\apjl},
     keywords = {dust, extinction, galaxies: individual: Messier 82, supernovae: individual: SN 2014J, Astrophysics - High Energy Astrophysical Phenomena, Astrophysics - Cosmology and Nongalactic Astrophysics, Astrophysics - Solar and Stellar Astrophysics},
         year = 2014,
        month = jun,
       volume = {788},
       number = {2},
          eid = {L21},
        pages = {L21},
          doi = {10.1088/2041-8205/788/2/L21},
archivePrefix = {arXiv},
       eprint = {1404.2595},
 primaryClass = {astro-ph.HE},
       adsurl = {https://ui.adsabs.harvard.edu/abs/2014ApJ...788L..21A},
      adsnote = {Provided by the SAO/NASA Astrophysics Data System}
}

