@ARTICLE{2005ApJ...623.1011B,
       author = {{Benetti}, S. and {Cappellaro}, E. and {Mazzali}, P.~A. and {Turatto}, M. and {Altavilla}, G. and {Bufano}, F. and {Elias-Rosa}, N. and {Kotak}, R. and {Pignata}, G. and {Salvo}, M. and {Stanishev}, V.},
        title = "{The Diversity of Type Ia Supernovae: Evidence for Systematics?}",
      journal = {\apj},
     keywords = {Stars: Supernovae: General, Astrophysics},
         year = 2005,
        month = apr,
       volume = {623},
       number = {2},
        pages = {1011-1016},
          doi = {10.1086/428608},
archivePrefix = {arXiv},
       eprint = {astro-ph/0411059},
 primaryClass = {astro-ph},
       adsurl = {https://ui.adsabs.harvard.edu/abs/2005ApJ...623.1011B},
      adsnote = {Provided by the SAO/NASA Astrophysics Data System}
}

