@ARTICLE{2012AJ....143..126B,
       author = {{Blondin}, S. and {Matheson}, T. and {Kirshner}, R.~P. and {Mandel}, K.~S. and {Berlind}, P. and {Calkins}, M. and {Challis}, P. and {Garnavich}, P.~M. and {Jha}, S.~W. and {Modjaz}, M. and {Riess}, A.~G. and {Schmidt}, B.~P.},
        title = "{The Spectroscopic Diversity of Type Ia Supernovae}",
      journal = {\aj},
     keywords = {supernovae: general, surveys, Astrophysics - Solar and Stellar Astrophysics, Astrophysics - Cosmology and Extragalactic Astrophysics},
         year = 2012,
        month = may,
       volume = {143},
       number = {5},
          eid = {126},
        pages = {126},
          doi = {10.1088/0004-6256/143/5/126},
archivePrefix = {arXiv},
       eprint = {1203.4832},
 primaryClass = {astro-ph.SR},
       adsurl = {https://ui.adsabs.harvard.edu/abs/2012AJ....143..126B},
      adsnote = {Provided by the SAO/NASA Astrophysics Data System}
}

