@ARTICLE{2008CBET.1198....1B,
       author = {{Blondin}, S. and {Berlind}, P.},
        title = "{Supernova 2008A in NGC 634}",
      journal = {Central Bureau Electronic Telegrams},
         year = 2008,
        month = jan,
       volume = {1198},
        pages = {1},
       adsurl = {https://ui.adsabs.harvard.edu/abs/2008CBET.1198....1B},
      adsnote = {Provided by the SAO/NASA Astrophysics Data System}
}

