@ARTICLE{2021MNRAS.502.4112B,
       author = {{Burgaz}, Umut and {Maeda}, Keiichi and {Kalomeni}, Belinda and {Kawabata}, Miho and {Yamanaka}, Masayuki and {Kawabata}, Koji S. and {Kawahara}, Naoki and {Nakaoka}, Tatsuya},
        title = "{Light-curve properties of SN 2017fgc and HV SNe Ia}",
      journal = {\mnras},
     keywords = {Transients: supernovae, supernovae: general, supernovae: individual: SN 2017fgc, Astrophysics - High Energy Astrophysical Phenomena},
         year = 2021,
        month = apr,
       volume = {502},
       number = {3},
        pages = {4112-4124},
          doi = {10.1093/mnras/stab254},
archivePrefix = {arXiv},
       eprint = {2103.11495},
 primaryClass = {astro-ph.HE},
       adsurl = {https://ui.adsabs.harvard.edu/abs/2021MNRAS.502.4112B},
      adsnote = {Provided by the SAO/NASA Astrophysics Data System}
}

