@ARTICLE{2014ApJ...789...32B,
       author = {{Burns}, Christopher R. and {Stritzinger}, Maximilian and {Phillips}, M.~M. and {Hsiao}, E.~Y. and {Contreras}, Carlos and {Persson}, S.~E. and {Folatelli}, Gaston and {Boldt}, Luis and {Campillay}, Abdo and {Castell{\'o}n}, Sergio and {Freedman}, Wendy L. and {Madore}, Barry F. and {Morrell}, Nidia and {Salgado}, Francisco and {Suntzeff}, Nicholas B.},
        title = "{The Carnegie Supernova Project: Intrinsic Colors of Type Ia Supernovae}",
      journal = {\apj},
     keywords = {distance scale, dust, extinction, galaxies: ISM, methods: statistical, supernovae: general, Astrophysics - Cosmology and Nongalactic Astrophysics, Astrophysics - High Energy Astrophysical Phenomena},
         year = 2014,
        month = jul,
       volume = {789},
       number = {1},
          eid = {32},
        pages = {32},
          doi = {10.1088/0004-637X/789/1/32},
archivePrefix = {arXiv},
       eprint = {1405.3934},
 primaryClass = {astro-ph.CO},
       adsurl = {https://ui.adsabs.harvard.edu/abs/2014ApJ...789...32B},
      adsnote = {Provided by the SAO/NASA Astrophysics Data System}
}

