@ARTICLE{1992A&A...259...63C,
       author = {{Cristiani}, S. and {Cappellaro}, E. and {Turatto}, M. and {Bergeron}, J. and {Bues}, I. and {Buson}, L. and {Danziger}, J. and {di Serego-Alighieri}, S. and {Duerbeck}, H.~W. and {Heydari-Malayeri}, M. and {Krautter}, J. and {Schmutz}, W. and {Schulte-Ladbeck}, R.~E.},
        title = "{The SN 1986G in Centaurus A.}",
      journal = {\aap},
     keywords = {Light Curve, Stellar Evolution, Supernova Remnants, Astronomical Photometry, Stellar Spectra, Supernovae, Astrophysics},
         year = 1992,
        month = jun,
       volume = {259},
        pages = {63-70},
       adsurl = {https://ui.adsabs.harvard.edu/abs/1992A&A...259...63C},
      adsnote = {Provided by the SAO/NASA Astrophysics Data System}
}

