@ARTICLE{2014MNRAS.443.2887F,
       author = {{Foley}, Ryan J. and {Fox}, O.~D. and {McCully}, C. and {Phillips}, M.~M. and {Sand}, D.~J. and {Zheng}, W. and {Challis}, P. and {Filippenko}, A.~V. and {Folatelli}, G. and {Hillebrandt}, W. and {Hsiao}, E.~Y. and {Jha}, S.~W. and {Kirshner}, R.~P. and {Kromer}, M. and {Marion}, G.~H. and {Nelson}, M. and {Pakmor}, R. and {Pignata}, G. and {R{\"o}pke}, F.~K. and {Seitenzahl}, I.~R. and {Silverman}, J.~M. and {Skrutskie}, M. and {Stritzinger}, M.~D.},
        title = "{Extensive HST ultraviolet spectra and multiwavelength observations of SN 2014J in M82 indicate reddening and circumstellar scattering by typical dust}",
      journal = {\mnras},
     keywords = {supernovae: general, supernovae: individual: SN 2014J, dust, extinction, galaxies: individual: M82, Astrophysics - High Energy Astrophysical Phenomena, Astrophysics - Cosmology and Nongalactic Astrophysics, Astrophysics - Astrophysics of Galaxies, Astrophysics - Solar and Stellar Astrophysics},
         year = 2014,
        month = oct,
       volume = {443},
       number = {4},
        pages = {2887-2906},
          doi = {10.1093/mnras/stu1378},
archivePrefix = {arXiv},
       eprint = {1405.3677},
 primaryClass = {astro-ph.HE},
       adsurl = {https://ui.adsabs.harvard.edu/abs/2014MNRAS.443.2887F},
      adsnote = {Provided by the SAO/NASA Astrophysics Data System}
}

