@ARTICLE{2016MNRAS.457..525G,
       author = {{Galbany}, L. and {Moreno-Raya}, M.~E. and {Ruiz-Lapuente}, P. and {Gonz{\'a}lez Hern{\'a}ndez}, J.~I. and {M{\'e}ndez}, J. and {Vallely}, P. and {Baron}, E. and {Dom{\'\i}nguez}, I. and {Hamuy}, M. and {L{\'o}pez-S{\'a}nchez}, A.~R. and {Moll{\'a}}, M. and {Catal{\'a}n}, S. and {Cooke}, E.~A. and {Fari{\~n}a}, C. and {G{\'e}nova-Santos}, R. and {Karjalainen}, R. and {Lietzen}, H. and {McCormac}, J. and {Riddick}, F.~C. and {Rubi{\~n}o-Mart{\'\i}n}, J.~A. and {Skillen}, I. and {Tudor}, V. and {Vaduvescu}, O.},
        title = "{SN 2014J at M82 - I. A middle-class Type Ia supernova by all spectroscopic metrics}",
      journal = {\mnras},
     keywords = {methods: data analysis, techniques: spectroscopic, supernovae: general, supernovae: individual: 2014J, Astrophysics - Solar and Stellar Astrophysics, Astrophysics - High Energy Astrophysical Phenomena},
         year = 2016,
        month = mar,
       volume = {457},
       number = {1},
        pages = {525-537},
          doi = {10.1093/mnras/stw026},
archivePrefix = {arXiv},
       eprint = {1510.06596},
 primaryClass = {astro-ph.SR},
       adsurl = {https://ui.adsabs.harvard.edu/abs/2016MNRAS.457..525G},
      adsnote = {Provided by the SAO/NASA Astrophysics Data System}
}

