@ARTICLE{2015ApJ...807L..26G,
       author = {{Gao}, Jian and {Jiang}, B.~W. and {Li}, Aigen and {Li}, Jun and {Wang}, Xiaofeng},
        title = "{Physical Dust Models for the Extinction toward Supernova 2014J in M82}",
      journal = {\apjl},
     keywords = {dust, extinction, galaxies: individual: Messier 82, galaxies: ISM, supernovae: individual: SN 2014J, Astrophysics - High Energy Astrophysical Phenomena, Astrophysics - Cosmology and Nongalactic Astrophysics, Astrophysics - Astrophysics of Galaxies},
         year = 2015,
        month = jul,
       volume = {807},
       number = {2},
          eid = {L26},
        pages = {L26},
          doi = {10.1088/2041-8205/807/2/L26},
archivePrefix = {arXiv},
       eprint = {1507.00417},
 primaryClass = {astro-ph.HE},
       adsurl = {https://ui.adsabs.harvard.edu/abs/2015ApJ...807L..26G},
      adsnote = {Provided by the SAO/NASA Astrophysics Data System}
}

