@ARTICLE{1996AJ....112.2094G,
       author = {{Gomez}, G. and {Lopez}, R. and {Sanchez}, F.},
        title = "{The Canaris Type IA Supernovae Archive (I)}",
      journal = {\aj},
     keywords = {SUPERNOVAE: GENERAL, STARS: EVOLUTION},
         year = 1996,
        month = nov,
       volume = {112},
        pages = {2094},
          doi = {10.1086/118166},
       adsurl = {https://ui.adsabs.harvard.edu/abs/1996AJ....112.2094G},
      adsnote = {Provided by the SAO/NASA Astrophysics Data System}
}

