@ARTICLE{2017MNRAS.472.3437G,
       author = {{Graham}, M.~L. and {Kumar}, S. and {Hosseinzadeh}, G. and {Hiramatsu}, D. and {Arcavi}, I. and {Howell}, D.~A. and {Valenti}, S. and {Sand}, D.~J. and {Parrent}, J.~T. and {McCully}, C. and {Filippenko}, A.~V.},
        title = "{Nebular-phase spectra of nearby Type Ia Supernovae}",
      journal = {\mnras},
     keywords = {supernovae: general, supernovae: individual: SN2012fr, SN2012hr, SN2013aa, SN2013cs, ASASSN-14jg, SN2015F, SN2013dy, SN2013gy, Astrophysics - High Energy Astrophysical Phenomena},
         year = 2017,
        month = dec,
       volume = {472},
       number = {3},
        pages = {3437-3454},
          doi = {10.1093/mnras/stx2224},
archivePrefix = {arXiv},
       eprint = {1708.07799},
 primaryClass = {astro-ph.HE},
       adsurl = {https://ui.adsabs.harvard.edu/abs/2017MNRAS.472.3437G},
      adsnote = {Provided by the SAO/NASA Astrophysics Data System}
}

