@ARTICLE{2017ApJ...835...64G,
       author = {{Guillochon}, James and {Parrent}, Jerod and {Kelley}, Luke Zoltan and {Margutti}, Raffaella},
        title = "{An Open Catalog for Supernova Data}",
      journal = {\apj},
     keywords = {catalogs, ISM: supernova remnants, supernovae: general, Astrophysics - Solar and Stellar Astrophysics, Astrophysics - High Energy Astrophysical Phenomena, Astrophysics - Instrumentation and Methods for Astrophysics},
         year = 2017,
        month = jan,
       volume = {835},
       number = {1},
          eid = {64},
        pages = {64},
          doi = {10.3847/1538-4357/835/1/64},
archivePrefix = {arXiv},
       eprint = {1605.01054},
 primaryClass = {astro-ph.SR},
       adsurl = {https://ui.adsabs.harvard.edu/abs/2017ApJ...835...64G},
      adsnote = {Provided by the SAO/NASA Astrophysics Data System}
}

