@ARTICLE{2004ApJ...617.1258H,
       author = {{H{\"o}flich}, Peter and {Gerardy}, Christopher L. and {Nomoto}, Ken'ichi and {Motohara}, Kentaro and {Fesen}, Robert A. and {Maeda}, Keiichi and {Ohkubo}, Takuya and {Tominaga}, Nozomu},
        title = "{Signature of Electron Capture in Iron-rich Ejecta of SN 2003du}",
      journal = {\apj},
     keywords = {Nuclear Reactions, Nucleosynthesis, Abundances, Stars: Supernovae: General, Stars: Supernovae: Individual: Alphanumeric: SN 2003du, Astrophysics},
         year = 2004,
        month = dec,
       volume = {617},
       number = {2},
        pages = {1258-1266},
          doi = {10.1086/425571},
archivePrefix = {arXiv},
       eprint = {astro-ph/0409185},
 primaryClass = {astro-ph},
       adsurl = {https://ui.adsabs.harvard.edu/abs/2004ApJ...617.1258H},
      adsnote = {Provided by the SAO/NASA Astrophysics Data System}
}

