@ARTICLE{1984ApJS...54..335I,
       author = {{Iben}, I., Jr. and {Tutukov}, A.~V.},
        title = "{Supernovae of type I as end products of the evolution of binaries with components of moderate initial mass.}",
      journal = {\apjs},
     keywords = {Binary Stars, Stellar Evolution, Stellar Mass, Supernovae, Dwarf Stars, Planetary Nebulae, Red Giant Stars, Stellar Cores, Stellar Envelopes, Stellar Mass Accretion, Stellar Winds, X Ray Sources, Astrophysics},
         year = 1984,
        month = feb,
       volume = {54},
        pages = {335-372},
          doi = {10.1086/190932},
       adsurl = {https://ui.adsabs.harvard.edu/abs/1984ApJS...54..335I},
      adsnote = {Provided by the SAO/NASA Astrophysics Data System}
}

