@ARTICLE{1999ApJS..125..439I,
       author = {{Iwamoto}, Koichi and {Brachwitz}, Franziska and {Nomoto}, Ken'ICHI and {Kishimoto}, Nobuhiro and {Umeda}, Hideyuki and {Hix}, W. Raphael and {Thielemann}, Friedrich-Karl},
        title = "{Nucleosynthesis in Chandrasekhar Mass Models for Type IA Supernovae and Constraints on Progenitor Systems and Burning-Front Propagation}",
      journal = {\apjs},
     keywords = {NUCLEAR REACTIONS, NUCLEOSYNTHESIS, ABUNDANCES, STARS: INTERIORS, SUPERNOVAE: GENERAL, Nuclear Reactions, Nucleosynthesis, Abundances, Stars: Interiors, supernovae: general, Astrophysics},
         year = 1999,
        month = dec,
       volume = {125},
       number = {2},
        pages = {439-462},
          doi = {10.1086/313278},
archivePrefix = {arXiv},
       eprint = {astro-ph/0002337},
 primaryClass = {astro-ph},
       adsurl = {https://ui.adsabs.harvard.edu/abs/1999ApJS..125..439I},
      adsnote = {Provided by the SAO/NASA Astrophysics Data System}
}

