@ARTICLE{2015MNRAS.448.2482J,
       author = {{Jerkstrand}, A. and {Smartt}, S.~J. and {Sollerman}, J. and {Inserra}, C. and {Fraser}, M. and {Spyromilio}, J. and {Fransson}, C. and {Chen}, T. -W. and {Barbarino}, C. and {Dall'Ora}, M. and {Botticella}, M.~T. and {Della Valle}, M. and {Gal-Yam}, A. and {Valenti}, S. and {Maguire}, K. and {Mazzali}, P. and {Tomasella}, L.},
        title = "{Supersolar Ni/Fe production in the Type IIP SN 2012ec}",
      journal = {\mnras},
     keywords = {line: formation, nuclear reactions, nucleosynthesis, abundances, stars: evolution, supernovae: general, supernovae: individual: SN 2012ec, Astrophysics - Solar and Stellar Astrophysics},
         year = 2015,
        month = apr,
       volume = {448},
       number = {3},
        pages = {2482-2494},
          doi = {10.1093/mnras/stv087},
archivePrefix = {arXiv},
       eprint = {1410.8394},
 primaryClass = {astro-ph.SR},
       adsurl = {https://ui.adsabs.harvard.edu/abs/2015MNRAS.448.2482J},
      adsnote = {Provided by the SAO/NASA Astrophysics Data System}
}

