@ARTICLE{2020ApJ...893..143K,
       author = {{Kawabata}, Miho and {Maeda}, Keiichi and {Yamanaka}, Masayuki and {Nakaoka}, Tatsuya and {Kawabata}, Koji S. and {Adachi}, Ryo and {Akitaya}, Hiroshi and {Burgaz}, Umut and {Hanayama}, Hidekazu and {Horiuchi}, Takashi and {Hosokawa}, Ryohei and {Iida}, Kota and {Imazato}, Fumiya and {Isogai}, Keisuke and {Jiang}, Ji-an and {Katoh}, Noriyuki and {Kimura}, Hiroki and {Kino}, Masaru and {Kuroda}, Daisuke and {Maehara}, Hiroyuki and {Matsubayashi}, Kazuya and {Morihana}, Kumiko and {Murata}, Katsuhiro L. and {Nagao}, Takashi and {Niwano}, Masafumi and {Nogami}, Daisaku and {Oeda}, Motoki and {Ono}, Tatsuharu and {Onozato}, Hiroki and {Otsuka}, Masaaki and {Saito}, Tomoki and {Sasada}, Mahito and {Shiraishi}, Kazuki and {Sugiyama}, Haruki and {Taguchi}, Kenta and {Takahashi}, Jun and {Takagi}, Kengo and {Takagi}, Seiko and {Takayama}, Masaki and {Tozuka}, Miyako and {Sekiguchi}, Kazuhiro},
        title = "{SN 2019ein: New Insights into the Similarities and Diversity among High-velocity Type Ia Supernovae}",
      journal = {\apj},
     keywords = {1728, 1668, Astrophysics - High Energy Astrophysical Phenomena},
         year = 2020,
        month = apr,
       volume = {893},
       number = {2},
          eid = {143},
        pages = {143},
          doi = {10.3847/1538-4357/ab8236},
archivePrefix = {arXiv},
       eprint = {1908.03001},
 primaryClass = {astro-ph.HE},
       adsurl = {https://ui.adsabs.harvard.edu/abs/2020ApJ...893..143K},
      adsnote = {Provided by the SAO/NASA Astrophysics Data System}
}

