@ARTICLE{2005A&A...436.1021K,
       author = {{Kotak}, R. and {Meikle}, W.~P.~S. and {Pignata}, G. and {Stehle}, M. and {Smartt}, S.~J. and {Benetti}, S. and {Hillebrandt}, W. and {Lennon}, D.~J. and {Mazzali}, P.~A. and {Patat}, F. and {Turatto}, M.},
        title = "{Spectroscopy of the type Ia supernova SN 2002er: Days -11 to +215}",
      journal = {\aap},
     keywords = {stars: supernovae: general, stars: supernovae: individual: SN 2002er, methods: observational, techniques: spectroscopic, Astrophysics},
         year = 2005,
        month = jun,
       volume = {436},
       number = {3},
        pages = {1021-1031},
          doi = {10.1051/0004-6361:20052756},
archivePrefix = {arXiv},
       eprint = {astro-ph/0503339},
 primaryClass = {astro-ph},
       adsurl = {https://ui.adsabs.harvard.edu/abs/2005A&A...436.1021K},
      adsnote = {Provided by the SAO/NASA Astrophysics Data System}
}

