@ARTICLE{2009A&A...505..265L,
       author = {{Leloudas}, G. and {Stritzinger}, M.~D. and {Sollerman}, J. and {Burns}, C.~R. and {Kozma}, C. and {Krisciunas}, K. and {Maund}, J.~R. and {Milne}, P. and {Filippenko}, A.~V. and {Fransson}, C. and {Ganeshalingam}, M. and {Hamuy}, M. and {Li}, W. and {Phillips}, M.~M. and {Schmidt}, B.~P. and {Skottfelt}, J. and {Taubenberger}, S. and {Boldt}, L. and {Fynbo}, J.~P.~U. and {Gonzalez}, L. and {Salvo}, M. and {Thomas-Osip}, J.},
        title = "{The normal Type Ia SN 2003hv out to very late phases}",
      journal = {\aap},
     keywords = {supernovae: general, supernovae: individual: SN 2003hv, Astrophysics - Solar and Stellar Astrophysics, Astrophysics - High Energy Astrophysical Phenomena},
         year = 2009,
        month = oct,
       volume = {505},
       number = {1},
        pages = {265-279},
          doi = {10.1051/0004-6361/200912364},
archivePrefix = {arXiv},
       eprint = {0908.0537},
 primaryClass = {astro-ph.SR},
       adsurl = {https://ui.adsabs.harvard.edu/abs/2009A&A...505..265L},
      adsnote = {Provided by the SAO/NASA Astrophysics Data System}
}

