@ARTICLE{2000ApJ...530..966L,
       author = {{Lentz}, Eric J. and {Baron}, E. and {Branch}, David and {Hauschildt}, Peter H. and {Nugent}, Peter E.},
        title = "{Metallicity Effects in Non-LTE Model Atmospheres of Type IA Supernovae}",
      journal = {\apj},
     keywords = {LINE: FORMATION, NUCLEAR REACTIONS, NUCLEOSYNTHESIS, ABUNDANCES, RADIATIVE TRANSFER, STARS: ATMOSPHERES, STARS: SUPERNOVAE: GENERAL, Astrophysics},
         year = 2000,
        month = feb,
       volume = {530},
       number = {2},
        pages = {966-976},
          doi = {10.1086/308400},
archivePrefix = {arXiv},
       eprint = {astro-ph/9906016},
 primaryClass = {astro-ph},
       adsurl = {https://ui.adsabs.harvard.edu/abs/2000ApJ...530..966L},
      adsnote = {Provided by the SAO/NASA Astrophysics Data System}
}

