@ARTICLE{2010ApJ...708.1703M,
       author = {{Maeda}, K. and {Taubenberger}, S. and {Sollerman}, J. and {Mazzali}, P.~A. and {Leloudas}, G. and {Nomoto}, K. and {Motohara}, K.},
        title = "{Nebular Spectra and Explosion Asymmetry of Type Ia Supernovae}",
      journal = {\apj},
     keywords = {nuclear reactions, nucleosynthesis, abundances, radiative transfer, supernovae: general, supernovae: individual: SN 2003hv, Astrophysics - Solar and Stellar Astrophysics, Astrophysics - Cosmology and Nongalactic Astrophysics},
         year = 2010,
        month = jan,
       volume = {708},
       number = {2},
        pages = {1703-1715},
          doi = {10.1088/0004-637X/708/2/1703},
archivePrefix = {arXiv},
       eprint = {0911.5484},
 primaryClass = {astro-ph.SR},
       adsurl = {https://ui.adsabs.harvard.edu/abs/2010ApJ...708.1703M},
      adsnote = {Provided by the SAO/NASA Astrophysics Data System}
}

