@ARTICLE{1997NuPhA.621..467N,
       author = {{Nomoto}, K. and {Iwamoto}, K. and {Nakasato}, N. and {Thielemann}, F. -K. and {Brachwitz}, F. and {Tsujimoto}, T. and {Kubo}, Y. and {Kishimoto}, N.},
        title = "{Nucleosynthesis in type Ia supernovae}",
      journal = {\nphysa},
     keywords = {Astrophysics},
         year = 1997,
        month = feb,
       volume = {621},
        pages = {467-476},
          doi = {10.1016/S0375-9474(97)00291-1},
archivePrefix = {arXiv},
       eprint = {astro-ph/9706025},
 primaryClass = {astro-ph},
       adsurl = {https://ui.adsabs.harvard.edu/abs/1997NuPhA.621..467N},
      adsnote = {Provided by the SAO/NASA Astrophysics Data System}
}

