@ARTICLE{1997Sci...276.1378N,
       author = {{Nomoto}, K. and {Iwamoto}, K. and {Kishimoto}, N.},
        title = "{Type Ia supernovae: their origin and possible applications in cosmology.}",
      journal = {Science},
     keywords = {Supernovae: Origin, Supernovae: Cosmological Constant, Supernovae: Cosmic Density Parameter, Supernovae: Hubble Constant, Supernovae: Progenitors, Supernovae: Explosions, Astrophysics},
         year = 1997,
        month = jan,
       volume = {276},
        pages = {1378-1382},
          doi = {10.1126/science.276.5317.1378},
archivePrefix = {arXiv},
       eprint = {astro-ph/9706007},
 primaryClass = {astro-ph},
       adsurl = {https://ui.adsabs.harvard.edu/abs/1997Sci...276.1378N},
      adsnote = {Provided by the SAO/NASA Astrophysics Data System}
}

