@ARTICLE{2015MNRAS.452.4307P,
       author = {{Pan}, Y. -C. and {Foley}, R.~J. and {Kromer}, M. and {Fox}, O.~D. and {Zheng}, W. and {Challis}, P. and {Clubb}, K.~I. and {Filippenko}, A.~V. and {Folatelli}, G. and {Graham}, M.~L. and {Hillebrandt}, W. and {Kirshner}, R.~P. and {Lee}, W.~H. and {Pakmor}, R. and {Patat}, F. and {Phillips}, M.~M. and {Pignata}, G. and {R{\"o}pke}, F. and {Seitenzahl}, I. and {Silverman}, J.~M. and {Simon}, J.~D. and {Sternberg}, A. and {Stritzinger}, M.~D. and {Taubenberger}, S. and {Vinko}, J. and {Wheeler}, J.~C.},
        title = "{500 days of SN 2013dy: spectra and photometry from the ultraviolet to the infrared}",
      journal = {\mnras},
     keywords = {supernovae: general, supernovae: individual: SN 2013dy, Astrophysics - High Energy Astrophysical Phenomena, Astrophysics - Solar and Stellar Astrophysics},
         year = 2015,
        month = oct,
       volume = {452},
       number = {4},
        pages = {4307-4325},
          doi = {10.1093/mnras/stv1605},
archivePrefix = {arXiv},
       eprint = {1504.02396},
 primaryClass = {astro-ph.HE},
       adsurl = {https://ui.adsabs.harvard.edu/abs/2015MNRAS.452.4307P},
      adsnote = {Provided by the SAO/NASA Astrophysics Data System}
}

