@ARTICLE{2007MNRAS.376.1301P,
       author = {{Pastorello}, A. and {Taubenberger}, S. and {Elias-Rosa}, N. and {Mazzali}, P.~A. and {Pignata}, G. and {Cappellaro}, E. and {Garavini}, G. and {Nobili}, S. and {Anupama}, G.~C. and {Bayliss}, D.~D.~R. and {Benetti}, S. and {Bufano}, F. and {Chakradhari}, N.~K. and {Kotak}, R. and {Goobar}, A. and {Navasardyan}, H. and {Patat}, F. and {Sahu}, D.~K. and {Salvo}, M. and {Schmidt}, B.~P. and {Stanishev}, V. and {Turatto}, M. and {Hillebrandt}, W.},
        title = "{ESC observations of SN 2005cf - I. Photometric evolution of a normal Type Ia supernova}",
      journal = {\mnras},
     keywords = {supernovae: general, supernovae: individual: SN 2005cf, supernovae: individual: SN 1992al, supernovae: individual: SN 2001el, galaxies: individual: MCG-01-39-003, galaxies: individual: NGC 5917, Astrophysics},
         year = 2007,
        month = apr,
       volume = {376},
       number = {3},
        pages = {1301-1316},
          doi = {10.1111/j.1365-2966.2007.11527.x},
archivePrefix = {arXiv},
       eprint = {astro-ph/0702566},
 primaryClass = {astro-ph},
       adsurl = {https://ui.adsabs.harvard.edu/abs/2007MNRAS.376.1301P},
      adsnote = {Provided by the SAO/NASA Astrophysics Data System}
}

