@ARTICLE{2013ApJ...779...38P,
       author = {{Phillips}, M.~M. and {Simon}, Joshua D. and {Morrell}, Nidia and {Burns}, Christopher R. and {Cox}, Nick L.~J. and {Foley}, Ryan J. and {Karakas}, Amanda I. and {Patat}, F. and {Sternberg}, A. and {Williams}, R.~E. and {Gal-Yam}, A. and {Hsiao}, E.~Y. and {Leonard}, D.~C. and {Persson}, Sven E. and {Stritzinger}, Maximilian and {Thompson}, I.~B. and {Campillay}, Abdo and {Contreras}, Carlos and {Folatelli}, Gast{\'o}n and {Freedman}, Wendy L. and {Hamuy}, Mario and {Roth}, Miguel and {Shields}, Gregory A. and {Suntzeff}, Nicholas B. and {Chomiuk}, Laura and {Ivans}, Inese I. and {Madore}, Barry F. and {Penprase}, B.~E. and {Perley}, Daniel and {Pignata}, G. and {Preston}, G. and {Soderberg}, Alicia M.},
        title = "{On the Source of the Dust Extinction in Type Ia Supernovae and the Discovery of Anomalously Strong Na I Absorption}",
      journal = {\apj},
     keywords = {circumstellar matter, dust, extinction, galaxies: ISM, supernovae: general, Astrophysics - Cosmology and Nongalactic Astrophysics, Astrophysics - Solar and Stellar Astrophysics},
         year = 2013,
        month = dec,
       volume = {779},
       number = {1},
          eid = {38},
        pages = {38},
          doi = {10.1088/0004-637X/779/1/38},
archivePrefix = {arXiv},
       eprint = {1311.0147},
 primaryClass = {astro-ph.CO},
       adsurl = {https://ui.adsabs.harvard.edu/abs/2013ApJ...779...38P},
      adsnote = {Provided by the SAO/NASA Astrophysics Data System}
}

