@ARTICLE{2013ApJ...769L...1F,
       author = {{Foley}, Ryan J. and {Kirshner}, Robert P.},
        title = "{Metallicity Differences in Type Ia Supernova Progenitors Inferred from Ultraviolet Spectra}",
      journal = {\apjl},
     keywords = {supernovae: general, supernovae: individual: SN 2011by SN 2011fe, Astrophysics - Solar and Stellar Astrophysics, Astrophysics - Cosmology and Nongalactic Astrophysics},
         year = 2013,
        month = may,
       volume = {769},
       number = {1},
          eid = {L1},
        pages = {L1},
          doi = {10.1088/2041-8205/769/1/L1},
archivePrefix = {arXiv},
       eprint = {1302.4479},
 primaryClass = {astro-ph.SR},
       adsurl = {https://ui.adsabs.harvard.edu/abs/2013ApJ...769L...1F},
      adsnote = {Provided by the SAO/NASA Astrophysics Data System}
}

