@ARTICLE{2020MNRAS.492.4325S,
       author = {{Stahl}, Benjamin E. and {Zheng}, WeiKang and {de Jaeger}, Thomas and {Brink}, Thomas G. and {Filippenko}, Alexei V. and {Silverman}, Jeffrey M. and {Cenko}, S. Bradley and {Clubb}, Kelsey I. and {Graham}, Melissa L. and {Halevi}, Goni and {Kelly}, Patrick L. and {Kleiser}, Io and {Shivvers}, Isaac and {Yuk}, Heechan and {Cobb}, Bethany E. and {Fox}, Ori D. and {Kandrashoff}, Michael T. and {Kong}, Jason J. and {Mauerhan}, Jon C. and {Wang}, Xianggao and {Wang}, Xiaofeng},
        title = "{Berkeley supernova Ia program: data release of 637 spectra from 247 Type Ia supernovae}",
      journal = {\mnras},
     keywords = {techniques: spectroscopic, surveys, supernovae: general, distance scale, cosmology: observations, Astrophysics - Solar and Stellar Astrophysics, Astrophysics - High Energy Astrophysical Phenomena},
         year = 2020,
        month = mar,
       volume = {492},
       number = {3},
        pages = {4325-4343},
          doi = {10.1093/mnras/staa102},
archivePrefix = {arXiv},
       eprint = {2001.03235},
 primaryClass = {astro-ph.SR},
       adsurl = {https://ui.adsabs.harvard.edu/abs/2020MNRAS.492.4325S},
      adsnote = {Provided by the SAO/NASA Astrophysics Data System}
}

