@ARTICLE{2007A&A...469..645S,
       author = {{Stanishev}, V. and {Goobar}, A. and {Benetti}, S. and {Kotak}, R. and {Pignata}, G. and {Navasardyan}, H. and {Mazzali}, P. and {Amanullah}, R. and {Garavini}, G. and {Nobili}, S. and {Qiu}, Y. and {Elias-Rosa}, N. and {Ruiz-Lapuente}, P. and {Mendez}, J. and {Meikle}, P. and {Patat}, F. and {Pastorello}, A. and {Altavilla}, G. and {Gustafsson}, M. and {Harutyunyan}, A. and {Iijima}, T. and {Jakobsson}, P. and {Kichizhieva}, M.~V. and {Lundqvist}, P. and {Mattila}, S. and {Melinder}, J. and {Pavlenko}, E.~P. and {Pavlyuk}, N.~N. and {Sollerman}, J. and {Tsvetkov}, D. Yu. and {Turatto}, M. and {Hillebrandt}, W.},
        title = "{SN 2003du: 480 days in the life of a normal type Ia supernova}",
      journal = {\aap},
     keywords = {stars: supernovae: general, stars: supernovae: individual: SN 2003du, methods: observational, techniques: photometric, techniques: spectroscopic, Astrophysics},
         year = 2007,
        month = jul,
       volume = {469},
       number = {2},
        pages = {645-661},
          doi = {10.1051/0004-6361:20066020},
archivePrefix = {arXiv},
       eprint = {0704.1244},
 primaryClass = {astro-ph},
       adsurl = {https://ui.adsabs.harvard.edu/abs/2007A&A...469..645S},
      adsnote = {Provided by the SAO/NASA Astrophysics Data System}
}

