@ARTICLE{2019ApJ...872L..22T,
       author = {{Tucker}, M.~A. and {Shappee}, B.~J. and {Wisniewski}, J.~P.},
        title = "{No Stripped Companion Material in the Nebular Spectrum of the {\textquotedblleft}Two-Component{\textquotedblright} Type Ia Supernova ASASSN-18bt}",
      journal = {\apjl},
     keywords = {supernovae: general, supernovae: individual: ASASSN-18bt\&SN2018oh, techniques: spectroscopic, Astrophysics - High Energy Astrophysical Phenomena, Astrophysics - Solar and Stellar Astrophysics},
         year = 2019,
        month = feb,
       volume = {872},
       number = {2},
          eid = {L22},
        pages = {L22},
          doi = {10.3847/2041-8213/ab0286},
archivePrefix = {arXiv},
       eprint = {1811.09635},
 primaryClass = {astro-ph.HE},
       adsurl = {https://ui.adsabs.harvard.edu/abs/2019ApJ...872L..22T},
      adsnote = {Provided by the SAO/NASA Astrophysics Data System}
}

