@ARTICLE{2020MNRAS.493.1044T,
       author = {{Tucker}, M.~A. and {Shappee}, B.~J. and {Vallely}, P.~J. and {Stanek}, K.~Z. and {Prieto}, J.~L. and {Botyanszki}, J. and {Kochanek}, C.~S. and {Anderson}, J.~P. and {Brown}, J. and {Galbany}, L. and {Holoien}, T.~W. -S. and {Hsiao}, E.~Y. and {Kumar}, S. and {Kuncarayakti}, H. and {Morrell}, N. and {Phillips}, M.~M. and {Stritzinger}, M.~D. and {Thompson}, Todd A.},
        title = "{Nebular spectra of 111 Type Ia supernovae disfavour single-degenerate progenitors}",
      journal = {\mnras},
     keywords = {supernovae, general; galaxies, distances and redshifts, Astrophysics - High Energy Astrophysical Phenomena, Astrophysics - Solar and Stellar Astrophysics},
         year = 2020,
        month = mar,
       volume = {493},
       number = {1},
        pages = {1044-1062},
          doi = {10.1093/mnras/stz3390},
archivePrefix = {arXiv},
       eprint = {1903.05115},
 primaryClass = {astro-ph.HE},
       adsurl = {https://ui.adsabs.harvard.edu/abs/2020MNRAS.493.1044T},
      adsnote = {Provided by the SAO/NASA Astrophysics Data System}
}

