@ARTICLE{1984ApJ...277..355W,
       author = {{Webbink}, R.~F.},
        title = "{Double white dwarfs as progenitors of R Coronae Borealis stars and type I supernovae.}",
      journal = {\apj},
     keywords = {Binary Stars, Corona Borealis Constellation, R Coronae Borealis Stars, Stellar Evolution, Supernovae, White Dwarf Stars, B Stars, Carbon Stars, Chandrasekhar Equation, O Stars, Stellar Mass Accretion, Stellar Mass Ejection, Astrophysics},
         year = 1984,
        month = feb,
       volume = {277},
        pages = {355-360},
          doi = {10.1086/161701},
       adsurl = {https://ui.adsabs.harvard.edu/abs/1984ApJ...277..355W},
      adsnote = {Provided by the SAO/NASA Astrophysics Data System}
}

