@ARTICLE{1973ApJ...186.1007W,
       author = {{Whelan}, John and {Iben}, Icko, Jr.},
        title = "{Binaries and Supernovae of Type I}",
      journal = {\apj},
         year = 1973,
        month = dec,
       volume = {186},
        pages = {1007-1014},
          doi = {10.1086/152565},
       adsurl = {https://ui.adsabs.harvard.edu/abs/1973ApJ...186.1007W},
      adsnote = {Provided by the SAO/NASA Astrophysics Data System}
}

