@ARTICLE{2021ApJ...919...49Z,
       author = {{Zeng}, Xiangyun and {Wang}, Xiaofeng and {Esamdin}, Ali and {Pellegrino}, Craig and {Burke}, Jamison and {Stahl}, Benjamin E. and {Zheng}, WeiKang and {Filippenko}, Alexei V. and {Howell}, D. Andrew and {Sand}, D.~J. and {Valenti}, Stefano and {Mo}, Jun and {Xi}, Gaobo and {Liu}, Jialian and {Zhang}, Jujia and {Li}, Wenxiong and {Iskandar}, Abdusamatjan and {Zhang}, Mengfan and {Lin}, Han and {Sai}, Hanna and {Xiang}, Danfeng and {Wei}, Peng and {Zhang}, Tianmeng and {Reichart}, D.~E. and {Brink}, Thomas G. and {McCully}, Curtis and {Hiramatsu}, Daichi and {Hosseinzadeh}, Griffin and {Jeffers}, Benjamin T. and {Ross}, Timothy W. and {Stegman}, Samantha and {Wang}, Lifan and {Zhang}, Jicheng and {Ma}, Shuo},
        title = "{SN 2017fgc: A Fast-expanding Type Ia Supernova Exploded in Massive Shell Galaxy NGC 474}",
      journal = {\apj},
     keywords = {Supernovae, Type Ia supernovae, 1668, 1728, Astrophysics - High Energy Astrophysical Phenomena},
         year = 2021,
        month = sep,
       volume = {919},
       number = {1},
          eid = {49},
        pages = {49},
          doi = {10.3847/1538-4357/ac0e9c},
archivePrefix = {arXiv},
       eprint = {2106.12164},
 primaryClass = {astro-ph.HE},
       adsurl = {https://ui.adsabs.harvard.edu/abs/2021ApJ...919...49Z},
      adsnote = {Provided by the SAO/NASA Astrophysics Data System}
}

