@ARTICLE{2014ApJ...788L..21A,
       author = {{Amanullah}, R. and {Goobar}, A. and {Johansson}, J. and {Banerjee}, D.~P.~K. and {Venkataraman}, V. and {Joshi}, V. and {Ashok}, N.~M. and {Cao}, Y. and {Kasliwal}, M.~M. and {Kulkarni}, S.~R. and {Nugent}, P.~E. and {Petrushevska}, T. and {Stanishev}, V.},
        title = "{The Peculiar Extinction Law of SN 2014J Measured with the Hubble Space Telescope}",
      journal = {\apjl},
     keywords = {dust, extinction, galaxies: individual: Messier 82, supernovae: individual: SN 2014J, Astrophysics - High Energy Astrophysical Phenomena, Astrophysics - Cosmology and Nongalactic Astrophysics, Astrophysics - Solar and Stellar Astrophysics},
         year = 2014,
        month = jun,
       volume = {788},
       number = {2},
          eid = {L21},
        pages = {L21},
          doi = {10.1088/2041-8205/788/2/L21},
archivePrefix = {arXiv},
       eprint = {1404.2595},
 primaryClass = {astro-ph.HE},
       adsurl = {https://ui.adsabs.harvard.edu/abs/2014ApJ...788L..21A},
      adsnote = {Provided by the SAO/NASA Astrophysics Data System}
}
@ARTICLE{2005AA...429..667A,
       author = {{Anupama}, G.~C. and {Sahu}, D.~K. and {Jose}, J.},
        title = "{Type Ia supernova SN 2003du: Optical observations}",
      journal = {\aap},
     keywords = {stars: supernovae: general, stars: supernovae: individual: SN2003du, Astrophysics},
         year = 2005,
        month = jan,
       volume = {429},
        pages = {667-676},
          doi = {10.1051/0004-6361:20041687},
archivePrefix = {arXiv},
       eprint = {astro-ph/0409494},
 primaryClass = {astro-ph},
       adsurl = {https://ui.adsabs.harvard.edu/abs/2005A&A...429..667A},
      adsnote = {Provided by the SAO/NASA Astrophysics Data System}
}
@ARTICLE{2004MNRAS.348..261B,
       author = {{Benetti}, S. and {Meikle}, P. and {Stehle}, M. and {Altavilla}, G. and {Desidera}, S. and {Folatelli}, G. and {Goobar}, A. and {Mattila}, S. and {Mendez}, J. and {Navasardyan}, H. and {Pastorello}, A. and {Patat}, F. and {Riello}, M. and {Ruiz-Lapuente}, P. and {Tsvetkov}, D. and {Turatto}, M. and {Mazzali}, P. and {Hillebrandt}, W.},
        title = "{Supernova 2002bo: inadequacy of the single parameter description}",
      journal = {\mnras},
     keywords = {supernovae: general, supernovae: individual: 2002bo, Astrophysics},
         year = 2004,
        month = feb,
       volume = {348},
       number = {1},
        pages = {261-278},
          doi = {10.1111/j.1365-2966.2004.07357.x},
archivePrefix = {arXiv},
       eprint = {astro-ph/0309665},
 primaryClass = {astro-ph},
       adsurl = {https://ui.adsabs.harvard.edu/abs/2004MNRAS.348..261B},
      adsnote = {Provided by the SAO/NASA Astrophysics Data System}
}
@ARTICLE{2005ApJ...623.1011B,
       author = {{Benetti}, S. and {Cappellaro}, E. and {Mazzali}, P.~A. and {Turatto}, M. and {Altavilla}, G. and {Bufano}, F. and {Elias-Rosa}, N. and {Kotak}, R. and {Pignata}, G. and {Salvo}, M. and {Stanishev}, V.},
        title = "{The Diversity of Type Ia Supernovae: Evidence for Systematics?}",
      journal = {\apj},
     keywords = {Stars: Supernovae: General, Astrophysics},
         year = 2005,
        month = apr,
       volume = {623},
       number = {2},
        pages = {1011-1016},
          doi = {10.1086/428608},
archivePrefix = {arXiv},
       eprint = {astro-ph/0411059},
 primaryClass = {astro-ph},
       adsurl = {https://ui.adsabs.harvard.edu/abs/2005ApJ...623.1011B},
      adsnote = {Provided by the SAO/NASA Astrophysics Data System}
}
@ARTICLE{2008CBET.1198....1B,
       author = {{Blondin}, S. and {Berlind}, P.},
        title = "{Supernova 2008A in NGC 634}",
      journal = {Central Bureau Electronic Telegrams},
         year = 2008,
        month = jan,
       volume = {1198},
        pages = {1},
       adsurl = {https://ui.adsabs.harvard.edu/abs/2008CBET.1198....1B},
      adsnote = {Provided by the SAO/NASA Astrophysics Data System}
}
@ARTICLE{2012AJ....143..126B,
       author = {{Blondin}, S. and {Matheson}, T. and {Kirshner}, R.~P. and {Mandel}, K.~S. and {Berlind}, P. and {Calkins}, M. and {Challis}, P. and {Garnavich}, P.~M. and {Jha}, S.~W. and {Modjaz}, M. and {Riess}, A.~G. and {Schmidt}, B.~P.},
        title = "{The Spectroscopic Diversity of Type Ia Supernovae}",
      journal = {\aj},
     keywords = {supernovae: general, surveys, Astrophysics - Solar and Stellar Astrophysics, Astrophysics - Cosmology and Extragalactic Astrophysics},
         year = 2012,
        month = may,
       volume = {143},
       number = {5},
          eid = {126},
        pages = {126},
          doi = {10.1088/0004-6256/143/5/126},
archivePrefix = {arXiv},
       eprint = {1203.4832},
 primaryClass = {astro-ph.SR},
       adsurl = {https://ui.adsabs.harvard.edu/abs/2012AJ....143..126B},
      adsnote = {Provided by the SAO/NASA Astrophysics Data System}
}
@ARTICLE{2015ApJ...805...74B,
       author = {{Brown}, Peter J. and {Smitka}, Michael T. and {Wang}, Lifan and {Breeveld}, Alice and {de Pasquale}, Massimiliano and {Hartmann}, Dieter H. and {Krisciunas}, Kevin and {Kuin}, N. Paul and {Milne}, Peter A. and {Page}, Mat and {Siegel}, Michael},
        title = "{Swift Ultraviolet Observations of Supernova 2014J in M82: Large Extinction from Interstellar Dust}",
      journal = {\apj},
     keywords = {dust, extinction, supernovae: general, supernovae: individual: SN2014J, SN2011fe, SN2012fr, Astrophysics - High Energy Astrophysical Phenomena},
         year = 2015,
        month = may,
       volume = {805},
       number = {1},
          eid = {74},
        pages = {74},
          doi = {10.1088/0004-637X/805/1/74},
archivePrefix = {arXiv},
       eprint = {1408.2381},
 primaryClass = {astro-ph.HE},
       adsurl = {https://ui.adsabs.harvard.edu/abs/2015ApJ...805...74B},
      adsnote = {Provided by the SAO/NASA Astrophysics Data System}
}
@ARTICLE{2021MNRAS.502.4112B,
       author = {{Burgaz}, Umut and {Maeda}, Keiichi and {Kalomeni}, Belinda and {Kawabata}, Miho and {Yamanaka}, Masayuki and {Kawabata}, Koji S. and {Kawahara}, Naoki and {Nakaoka}, Tatsuya},
        title = "{Light-curve properties of SN 2017fgc and HV SNe Ia}",
      journal = {\mnras},
     keywords = {Transients: supernovae, supernovae: general, supernovae: individual: SN 2017fgc, Astrophysics - High Energy Astrophysical Phenomena},
         year = 2021,
        month = apr,
       volume = {502},
       number = {3},
        pages = {4112-4124},
          doi = {10.1093/mnras/stab254},
archivePrefix = {arXiv},
       eprint = {2103.11495},
 primaryClass = {astro-ph.HE},
       adsurl = {https://ui.adsabs.harvard.edu/abs/2021MNRAS.502.4112B},
      adsnote = {Provided by the SAO/NASA Astrophysics Data System}
}
@ARTICLE{2014ApJ...789...32B,
       author = {{Burns}, Christopher R. and {Stritzinger}, Maximilian and {Phillips}, M.~M. and {Hsiao}, E.~Y. and {Contreras}, Carlos and {Persson}, S.~E. and {Folatelli}, Gaston and {Boldt}, Luis and {Campillay}, Abdo and {Castell{\'o}n}, Sergio and {Freedman}, Wendy L. and {Madore}, Barry F. and {Morrell}, Nidia and {Salgado}, Francisco and {Suntzeff}, Nicholas B.},
        title = "{The Carnegie Supernova Project: Intrinsic Colors of Type Ia Supernovae}",
      journal = {\apj},
     keywords = {distance scale, dust, extinction, galaxies: ISM, methods: statistical, supernovae: general, Astrophysics - Cosmology and Nongalactic Astrophysics, Astrophysics - High Energy Astrophysical Phenomena},
         year = 2014,
        month = jul,
       volume = {789},
       number = {1},
          eid = {32},
        pages = {32},
          doi = {10.1088/0004-637X/789/1/32},
archivePrefix = {arXiv},
       eprint = {1405.3934},
 primaryClass = {astro-ph.CO},
       adsurl = {https://ui.adsabs.harvard.edu/abs/2014ApJ...789...32B},
      adsnote = {Provided by the SAO/NASA Astrophysics Data System}
}
@ARTICLE{2015MNRAS.454.3816C,
       author = {{Childress}, Michael J. and {Hillier}, D. John and {Seitenzahl}, Ivo and {Sullivan}, Mark and {Maguire}, Kate and {Taubenberger}, Stefan and {Scalzo}, Richard and {Ruiter}, Ashley and {Blagorodnova}, Nadejda and {Camacho}, Yssavo and {Castillo}, Jayden and {Elias-Rosa}, Nancy and {Fraser}, Morgan and {Gal-Yam}, Avishay and {Graham}, Melissa and {Howell}, D. Andrew and {Inserra}, Cosimo and {Jha}, Saurabh W. and {Kumar}, Sahana and {Mazzali}, Paolo A. and {McCully}, Curtis and {Morales-Garoffolo}, Antonia and {Pandya}, Viraj and {Polshaw}, Joe and {Schmidt}, Brian and {Smartt}, Stephen and {Smith}, Ken W. and {Sollerman}, Jesper and {Spyromilio}, Jason and {Tucker}, Brad and {Valenti}, Stefano and {Walton}, Nicholas and {Wolf}, Christian and {Yaron}, Ofer and {Young}, D.~R. and {Yuan}, Fang and {Zhang}, Bonnie},
        title = "{Measuring nickel masses in Type Ia supernovae using cobalt emission in nebular phase spectra}",
      journal = {\mnras},
     keywords = {supernovae: general, Astrophysics - High Energy Astrophysical Phenomena, Astrophysics - Solar and Stellar Astrophysics},
         year = 2015,
        month = dec,
       volume = {454},
       number = {4},
        pages = {3816-3842},
          doi = {10.1093/mnras/stv2173},
archivePrefix = {arXiv},
       eprint = {1507.02501},
 primaryClass = {astro-ph.HE},
       adsurl = {https://ui.adsabs.harvard.edu/abs/2015MNRAS.454.3816C},
      adsnote = {Provided by the SAO/NASA Astrophysics Data System}
}
@ARTICLE{1992AA...259...63C,
       author = {{Cristiani}, S. and {Cappellaro}, E. and {Turatto}, M. and {Bergeron}, J. and {Bues}, I. and {Buson}, L. and {Danziger}, J. and {di Serego-Alighieri}, S. and {Duerbeck}, H.~W. and {Heydari-Malayeri}, M. and {Krautter}, J. and {Schmutz}, W. and {Schulte-Ladbeck}, R.~E.},
        title = "{The SN 1986G in Centaurus A.}",
      journal = {\aap},
     keywords = {Light Curve, Stellar Evolution, Supernova Remnants, Astronomical Photometry, Stellar Spectra, Supernovae, Astrophysics},
         year = 1992,
        month = jun,
       volume = {259},
        pages = {63-70},
       adsurl = {https://ui.adsabs.harvard.edu/abs/1992A&A...259...63C},
      adsnote = {Provided by the SAO/NASA Astrophysics Data System}
}
@ARTICLE{2006MNRAS.369.1880E,
       author = {{Elias-Rosa}, N. and {Benetti}, S. and {Cappellaro}, E. and {Turatto}, M. and {Mazzali}, P.~A. and {Patat}, F. and {Meikle}, W.~P.~S. and {Stehle}, M. and {Pastorello}, A. and {Pignata}, G. and {Kotak}, R. and {Harutyunyan}, A. and {Altavilla}, G. and {Navasardyan}, H. and {Qiu}, Y. and {Salvo}, M. and {Hillebrandt}, W.},
        title = "{Anomalous extinction behaviour towards the Type Ia SN 2003cg}",
      journal = {\mnras},
     keywords = {supernovae: general: supernovae: individual: SN 2003cg: dust, extinction, supernovae: general, supernovae: individual: SN 2003cg, dust, Astrophysics},
         year = 2006,
        month = jul,
       volume = {369},
       number = {4},
        pages = {1880-1900},
          doi = {10.1111/j.1365-2966.2006.10430.x},
archivePrefix = {arXiv},
       eprint = {astro-ph/0603316},
 primaryClass = {astro-ph},
       adsurl = {https://ui.adsabs.harvard.edu/abs/2006MNRAS.369.1880E},
      adsnote = {Provided by the SAO/NASA Astrophysics Data System}
}
@ARTICLE{1997ARAA..35..309F,
       author = {{Filippenko}, Alexei V.},
        title = "{Optical Spectra of Supernovae}",
      journal = {\araa},
         year = 1997,
        month = jan,
       volume = {35},
        pages = {309-355},
          doi = {10.1146/annurev.astro.35.1.309},
       adsurl = {https://ui.adsabs.harvard.edu/abs/1997ARA&A..35..309F},
      adsnote = {Provided by the SAO/NASA Astrophysics Data System}
}
@ARTICLE{2020MNRAS.491.2902F,
       author = {{Fl{\"o}rs}, A. and {Spyromilio}, J. and {Taubenberger}, S. and {Blondin}, S. and {Cartier}, R. and {Leibundgut}, B. and {Dessart}, L. and {Dhawan}, S. and {Hillebrandt}, W.},
        title = "{Sub-Chandrasekhar progenitors favoured for Type Ia supernovae: evidence from late-time spectroscopy}",
      journal = {\mnras},
     keywords = {line: formation, line: identification, radiation mechanisms: thermal, supernovae: general, supernovae: individual: SN 2015F, SN 2017bzc, Astrophysics - High Energy Astrophysical Phenomena, Astrophysics - Solar and Stellar Astrophysics},
         year = 2020,
        month = jan,
       volume = {491},
       number = {2},
        pages = {2902-2918},
          doi = {10.1093/mnras/stz3013},
archivePrefix = {arXiv},
       eprint = {1909.11055},
 primaryClass = {astro-ph.HE},
       adsurl = {https://ui.adsabs.harvard.edu/abs/2020MNRAS.491.2902F},
      adsnote = {Provided by the SAO/NASA Astrophysics Data System}
}
@ARTICLE{2011ApJ...729...55F,
       author = {{Foley}, Ryan J. and {Kasen}, Daniel},
        title = "{Measuring Ejecta Velocity Improves Type Ia Supernova Distances}",
      journal = {\apj},
     keywords = {distance scale, dust, extinction, supernovae: general, Astrophysics - Cosmology and Nongalactic Astrophysics},
         year = 2011,
        month = mar,
       volume = {729},
       number = {1},
          eid = {55},
        pages = {55},
          doi = {10.1088/0004-637X/729/1/55},
archivePrefix = {arXiv},
       eprint = {1011.4517},
 primaryClass = {astro-ph.CO},
       adsurl = {https://ui.adsabs.harvard.edu/abs/2011ApJ...729...55F},
      adsnote = {Provided by the SAO/NASA Astrophysics Data System}
}
@ARTICLE{2014MNRAS.443.2887F,
       author = {{Foley}, Ryan J. and {Fox}, O.~D. and {McCully}, C. and {Phillips}, M.~M. and {Sand}, D.~J. and {Zheng}, W. and {Challis}, P. and {Filippenko}, A.~V. and {Folatelli}, G. and {Hillebrandt}, W. and {Hsiao}, E.~Y. and {Jha}, S.~W. and {Kirshner}, R.~P. and {Kromer}, M. and {Marion}, G.~H. and {Nelson}, M. and {Pakmor}, R. and {Pignata}, G. and {R{\"o}pke}, F.~K. and {Seitenzahl}, I.~R. and {Silverman}, J.~M. and {Skrutskie}, M. and {Stritzinger}, M.~D.},
        title = "{Extensive HST ultraviolet spectra and multiwavelength observations of SN 2014J in M82 indicate reddening and circumstellar scattering by typical dust}",
      journal = {\mnras},
     keywords = {supernovae: general, supernovae: individual: SN 2014J, dust, extinction, galaxies: individual: M82, Astrophysics - High Energy Astrophysical Phenomena, Astrophysics - Cosmology and Nongalactic Astrophysics, Astrophysics - Astrophysics of Galaxies, Astrophysics - Solar and Stellar Astrophysics},
         year = 2014,
        month = oct,
       volume = {443},
       number = {4},
        pages = {2887-2906},
          doi = {10.1093/mnras/stu1378},
archivePrefix = {arXiv},
       eprint = {1405.3677},
 primaryClass = {astro-ph.HE},
       adsurl = {https://ui.adsabs.harvard.edu/abs/2014MNRAS.443.2887F},
      adsnote = {Provided by the SAO/NASA Astrophysics Data System}
}
@ARTICLE{2015ApJ...814L...2F,
       author = {{Fransson}, Claes and {Jerkstrand}, Anders},
        title = "{Reconciling the Infrared Catastrophe and Observations of SN 2011fe}",
      journal = {\apjl},
     keywords = {supernovae: general, supernovae: individual: SN 2011fe, Astrophysics - Solar and Stellar Astrophysics},
         year = 2015,
        month = nov,
       volume = {814},
       number = {1},
          eid = {L2},
        pages = {L2},
          doi = {10.1088/2041-8205/814/1/L2},
archivePrefix = {arXiv},
       eprint = {1511.00245},
 primaryClass = {astro-ph.SR},
       adsurl = {https://ui.adsabs.harvard.edu/abs/2015ApJ...814L...2F},
      adsnote = {Provided by the SAO/NASA Astrophysics Data System}
}
@ARTICLE{2016MNRAS.457..525G,
       author = {{Galbany}, L. and {Moreno-Raya}, M.~E. and {Ruiz-Lapuente}, P. and {Gonz{\'a}lez Hern{\'a}ndez}, J.~I. and {M{\'e}ndez}, J. and {Vallely}, P. and {Baron}, E. and {Dom{\'\i}nguez}, I. and {Hamuy}, M. and {L{\'o}pez-S{\'a}nchez}, A.~R. and {Moll{\'a}}, M. and {Catal{\'a}n}, S. and {Cooke}, E.~A. and {Fari{\~n}a}, C. and {G{\'e}nova-Santos}, R. and {Karjalainen}, R. and {Lietzen}, H. and {McCormac}, J. and {Riddick}, F.~C. and {Rubi{\~n}o-Mart{\'\i}n}, J.~A. and {Skillen}, I. and {Tudor}, V. and {Vaduvescu}, O.},
        title = "{SN 2014J at M82 - I. A middle-class Type Ia supernova by all spectroscopic metrics}",
      journal = {\mnras},
     keywords = {methods: data analysis, techniques: spectroscopic, supernovae: general, supernovae: individual: 2014J, Astrophysics - Solar and Stellar Astrophysics, Astrophysics - High Energy Astrophysical Phenomena},
         year = 2016,
        month = mar,
       volume = {457},
       number = {1},
        pages = {525-537},
          doi = {10.1093/mnras/stw026},
archivePrefix = {arXiv},
       eprint = {1510.06596},
 primaryClass = {astro-ph.SR},
       adsurl = {https://ui.adsabs.harvard.edu/abs/2016MNRAS.457..525G},
      adsnote = {Provided by the SAO/NASA Astrophysics Data System}
}
@ARTICLE{2015ApJ...807L..26G,
       author = {{Gao}, Jian and {Jiang}, B.~W. and {Li}, Aigen and {Li}, Jun and {Wang}, Xiaofeng},
        title = "{Physical Dust Models for the Extinction toward Supernova 2014J in M82}",
      journal = {\apjl},
     keywords = {dust, extinction, galaxies: individual: Messier 82, galaxies: ISM, supernovae: individual: SN 2014J, Astrophysics - High Energy Astrophysical Phenomena, Astrophysics - Cosmology and Nongalactic Astrophysics, Astrophysics - Astrophysics of Galaxies},
         year = 2015,
        month = jul,
       volume = {807},
       number = {2},
          eid = {L26},
        pages = {L26},
          doi = {10.1088/2041-8205/807/2/L26},
archivePrefix = {arXiv},
       eprint = {1507.00417},
 primaryClass = {astro-ph.HE},
       adsurl = {https://ui.adsabs.harvard.edu/abs/2015ApJ...807L..26G},
      adsnote = {Provided by the SAO/NASA Astrophysics Data System}
}
@ARTICLE{2017MNRAS.472.3437G,
       author = {{Graham}, M.~L. and {Kumar}, S. and {Hosseinzadeh}, G. and {Hiramatsu}, D. and {Arcavi}, I. and {Howell}, D.~A. and {Valenti}, S. and {Sand}, D.~J. and {Parrent}, J.~T. and {McCully}, C. and {Filippenko}, A.~V.},
        title = "{Nebular-phase spectra of nearby Type Ia Supernovae}",
      journal = {\mnras},
     keywords = {supernovae: general, supernovae: individual: SN2012fr, SN2012hr, SN2013aa, SN2013cs, ASASSN-14jg, SN2015F, SN2013dy, SN2013gy, Astrophysics - High Energy Astrophysical Phenomena},
         year = 2017,
        month = dec,
       volume = {472},
       number = {3},
        pages = {3437-3454},
          doi = {10.1093/mnras/stx2224},
archivePrefix = {arXiv},
       eprint = {1708.07799},
 primaryClass = {astro-ph.HE},
       adsurl = {https://ui.adsabs.harvard.edu/abs/2017MNRAS.472.3437G},
      adsnote = {Provided by the SAO/NASA Astrophysics Data System}
}
@ARTICLE{2022arXiv220107864G,
       author = {{Graham}, M.~L. and {Kennedy}, T.~D. and {Kumar}, S. and {Amaro}, R.~C. and {Sand}, D.~J. and {Jha}, S.~W. and {Galbany}, L. and {Vinko}, J. and {Wheeler}, J.~C. and {Hsiao}, E.~Y. and {Bostroem}, K.~A. and {Burke}, J. and {Hiramatsu}, D. and {Hosseinzadeh}, G. and {McCully}, C. and {Howell}, D.~A. and {Diamond}, T. and {Hoeflich}, P. and {Wang}, X. and {Li}, W.},
        title = "{Nebular-Phase Spectra of Type Ia Supernovae from the Las Cumbres Observatory Global Supernova Project}",
      journal = {arXiv e-prints},
     keywords = {Astrophysics - High Energy Astrophysical Phenomena},
         year = 2022,
        month = jan,
          eid = {arXiv:2201.07864},
        pages = {arXiv:2201.07864},
archivePrefix = {arXiv},
       eprint = {2201.07864},
 primaryClass = {astro-ph.HE},
       adsurl = {https://ui.adsabs.harvard.edu/abs/2022arXiv220107864G},
      adsnote = {Provided by the SAO/NASA Astrophysics Data System}
}
@ARTICLE{1996AJ....112.2094G,
       author = {{Gomez}, G. and {Lopez}, R. and {Sanchez}, F.},
        title = "{The Canaris Type IA Supernovae Archive (I)}",
      journal = {\aj},
     keywords = {SUPERNOVAE: GENERAL, STARS: EVOLUTION},
         year = 1996,
        month = nov,
       volume = {112},
        pages = {2094},
          doi = {10.1086/118166},
       adsurl = {https://ui.adsabs.harvard.edu/abs/1996AJ....112.2094G},
      adsnote = {Provided by the SAO/NASA Astrophysics Data System}
}
@ARTICLE{2017ApJ...835...64G,
       author = {{Guillochon}, James and {Parrent}, Jerod and {Kelley}, Luke Zoltan and {Margutti}, Raffaella},
        title = "{An Open Catalog for Supernova Data}",
      journal = {\apj},
     keywords = {catalogs, ISM: supernova remnants, supernovae: general, Astrophysics - Solar and Stellar Astrophysics, Astrophysics - High Energy Astrophysical Phenomena, Astrophysics - Instrumentation and Methods for Astrophysics},
         year = 2017,
        month = jan,
       volume = {835},
       number = {1},
          eid = {64},
        pages = {64},
          doi = {10.3847/1538-4357/835/1/64},
archivePrefix = {arXiv},
       eprint = {1605.01054},
 primaryClass = {astro-ph.SR},
       adsurl = {https://ui.adsabs.harvard.edu/abs/2017ApJ...835...64G},
      adsnote = {Provided by the SAO/NASA Astrophysics Data System}
}
@ARTICLE{2004ApJ...617.1258H,
       author = {{H{\"o}flich}, Peter and {Gerardy}, Christopher L. and {Nomoto}, Ken'ichi and {Motohara}, Kentaro and {Fesen}, Robert A. and {Maeda}, Keiichi and {Ohkubo}, Takuya and {Tominaga}, Nozomu},
        title = "{Signature of Electron Capture in Iron-rich Ejecta of SN 2003du}",
      journal = {\apj},
     keywords = {Nuclear Reactions, Nucleosynthesis, Abundances, Stars: Supernovae: General, Stars: Supernovae: Individual: Alphanumeric: SN 2003du, Astrophysics},
         year = 2004,
        month = dec,
       volume = {617},
       number = {2},
        pages = {1258-1266},
          doi = {10.1086/425571},
archivePrefix = {arXiv},
       eprint = {astro-ph/0409185},
 primaryClass = {astro-ph},
       adsurl = {https://ui.adsabs.harvard.edu/abs/2004ApJ...617.1258H},
      adsnote = {Provided by the SAO/NASA Astrophysics Data System}
}
@ARTICLE{2000ARAA..38..191H,
       author = {{Hillebrandt}, Wolfgang and {Niemeyer}, Jens C.},
        title = "{Type IA Supernova Explosion Models}",
      journal = {\araa},
     keywords = {STELLAR EVOLUTION, HYDRODYNAMICS, Astrophysics},
         year = 2000,
        month = jan,
       volume = {38},
        pages = {191-230},
          doi = {10.1146/annurev.astro.38.1.191},
archivePrefix = {arXiv},
       eprint = {astro-ph/0006305},
 primaryClass = {astro-ph},
       adsurl = {https://ui.adsabs.harvard.edu/abs/2000ARA&A..38..191H},
      adsnote = {Provided by the SAO/NASA Astrophysics Data System}
}
@ARTICLE{2019AA...627A.174H,
       author = {{Holmbo}, S. and {Stritzinger}, M.~D. and {Shappee}, B.~J. and {Tucker}, M.~A. and {Zheng}, W. and {Ashall}, C. and {Phillips}, M.~M. and {Contreras}, C. and {Filippenko}, A.~V. and {Hoeflich}, P. and {Huber}, M. and {Piro}, A.~L. and {Wang}, X.~F. and {Zhang}, J. -J. and {Anais}, J. and {Baron}, E. and {Burns}, C.~R. and {Campillay}, A. and {Castell{\'o}n}, S. and {Corco}, C. and {Hsiao}, E.~Y. and {Krisciunas}, K. and {Morrell}, N. and {Nielsen}, M.~T.~B. and {Persson}, S.~E. and {Taddia}, F. and {Tomasella}, L. and {Zhang}, T. -M. and {Zhao}, X. -L.},
        title = "{Discovery and progenitor constraints on the Type Ia supernova 2013gy}",
      journal = {\aap},
     keywords = {supernovae: general, supernovae: individual SN 2013gy, Astrophysics - High Energy Astrophysical Phenomena},
         year = 2019,
        month = jul,
       volume = {627},
          eid = {A174},
        pages = {A174},
          doi = {10.1051/0004-6361/201834389},
archivePrefix = {arXiv},
       eprint = {1809.01359},
 primaryClass = {astro-ph.HE},
       adsurl = {https://ui.adsabs.harvard.edu/abs/2019A&A...627A.174H},
      adsnote = {Provided by the SAO/NASA Astrophysics Data System}
}
@ARTICLE{1984ApJS...54..335I,
       author = {{Iben}, I., Jr. and {Tutukov}, A.~V.},
        title = "{Supernovae of type I as end products of the evolution of binaries with components of moderate initial mass.}",
      journal = {\apjs},
     keywords = {Binary Stars, Stellar Evolution, Stellar Mass, Supernovae, Dwarf Stars, Planetary Nebulae, Red Giant Stars, Stellar Cores, Stellar Envelopes, Stellar Mass Accretion, Stellar Winds, X Ray Sources, Astrophysics},
         year = 1984,
        month = feb,
       volume = {54},
        pages = {335-372},
          doi = {10.1086/190932},
       adsurl = {https://ui.adsabs.harvard.edu/abs/1984ApJS...54..335I},
      adsnote = {Provided by the SAO/NASA Astrophysics Data System}
}
@ARTICLE{2015ApJS..221...22I,
       author = {{Im}, Myungshin and {Choi}, Changsu and {Yoon}, Sung-Chul and {Kim}, Jae-Woo and {Ehgamberdiev}, Shuhrat A. and {Monard}, Libert A.~G. and {Sung}, Hyun-Il},
        title = "{The Very Early Light Curve of SN 2015F in NGC 2442: A Possible Detection of Shock-heated Cooling Emission and Constraints on SN Ia Progenitor System}",
      journal = {\apjs},
     keywords = {galaxies: distances and redshifts, supernovae: general, supernovae: individual: SN 2015F, white dwarfs, Astrophysics - High Energy Astrophysical Phenomena, Astrophysics - Cosmology and Nongalactic Astrophysics, Astrophysics - Astrophysics of Galaxies, Astrophysics - Solar and Stellar Astrophysics},
         year = 2015,
        month = nov,
       volume = {221},
       number = {1},
          eid = {22},
        pages = {22},
          doi = {10.1088/0067-0049/221/1/22},
archivePrefix = {arXiv},
       eprint = {1510.02084},
 primaryClass = {astro-ph.HE},
       adsurl = {https://ui.adsabs.harvard.edu/abs/2015ApJS..221...22I},
      adsnote = {Provided by the SAO/NASA Astrophysics Data System}
}
@ARTICLE{1999ApJS..125..439I,
       author = {{Iwamoto}, Koichi and {Brachwitz}, Franziska and {Nomoto}, Ken'ICHI and {Kishimoto}, Nobuhiro and {Umeda}, Hideyuki and {Hix}, W. Raphael and {Thielemann}, Friedrich-Karl},
        title = "{Nucleosynthesis in Chandrasekhar Mass Models for Type IA Supernovae and Constraints on Progenitor Systems and Burning-Front Propagation}",
      journal = {\apjs},
     keywords = {NUCLEAR REACTIONS, NUCLEOSYNTHESIS, ABUNDANCES, STARS: INTERIORS, SUPERNOVAE: GENERAL, Nuclear Reactions, Nucleosynthesis, Abundances, Stars: Interiors, supernovae: general, Astrophysics},
         year = 1999,
        month = dec,
       volume = {125},
       number = {2},
        pages = {439-462},
          doi = {10.1086/313278},
archivePrefix = {arXiv},
       eprint = {astro-ph/0002337},
 primaryClass = {astro-ph},
       adsurl = {https://ui.adsabs.harvard.edu/abs/1999ApJS..125..439I},
      adsnote = {Provided by the SAO/NASA Astrophysics Data System}
}
@ARTICLE{2015AA...573A..12J,
       author = {{Jerkstrand}, A. and {Ergon}, M. and {Smartt}, S.~J. and {Fransson}, C. and {Sollerman}, J. and {Taubenberger}, S. and {Bersten}, M. and {Spyromilio}, J.},
        title = "{Late-time spectral line formation in Type IIb supernovae, with application to SN 1993J, SN 2008ax, and SN 2011dh}",
      journal = {\aap},
     keywords = {line: identification, supernovae: individual: SN 2011dh, supernovae: individual: SN 2008ax, radiative transfer, line: formation, supernovae: individual: SN 1993J, Astrophysics - High Energy Astrophysical Phenomena, Astrophysics - Solar and Stellar Astrophysics},
         year = 2015,
        month = jan,
       volume = {573},
          eid = {A12},
        pages = {A12},
          doi = {10.1051/0004-6361/201423983},
archivePrefix = {arXiv},
       eprint = {1408.0732},
 primaryClass = {astro-ph.HE},
       adsurl = {https://ui.adsabs.harvard.edu/abs/2015A&A...573A..12J},
      adsnote = {Provided by the SAO/NASA Astrophysics Data System}
}
@ARTICLE{2009AJ....138.1584K,
       author = {{Krisciunas}, Kevin and {Marion}, G.~H. and {Suntzeff}, Nicholas B. and {Blanc}, Guillaume and {Bufano}, Filomena and {Candia}, Pablo and {Cartier}, Regis and {Elias-Rosa}, Nancy and {Espinoza}, Juan and {Gonzalez}, David and {Gonzalez}, Luis and {Gonzalez}, Sergio and {Gooding}, Samuel D. and {Hamuy}, Mario and {Knox}, Ethan A. and {Milne}, Peter A. and {Morrell}, Nidia and {Phillips}, Mark M. and {Stritzinger}, Maximilian and {Thomas-Osip}, Joanna},
        title = "{The Fast Declining Type Ia Supernova 2003gs, and Evidence for a Significant Dispersion in Near-Infrared Absolute Magnitudes of Fast Decliners at Maximum Light}",
      journal = {\aj},
     keywords = {supernovae: individual: SN 2003gs, techniques: photometric, Astrophysics - Cosmology and Nongalactic Astrophysics},
         year = 2009,
        month = dec,
       volume = {138},
       number = {6},
        pages = {1584-1596},
          doi = {10.1088/0004-6256/138/6/1584},
archivePrefix = {arXiv},
       eprint = {0908.1918},
 primaryClass = {astro-ph.CO},
       adsurl = {https://ui.adsabs.harvard.edu/abs/2009AJ....138.1584K},
      adsnote = {Provided by the SAO/NASA Astrophysics Data System}
}
@ARTICLE{2004AA...421..613F,
       author = {{Fran{\c{c}}ois}, P. and {Matteucci}, F. and {Cayrel}, R. and {Spite}, M. and {Spite}, F. and {Chiappini}, C.},
        title = "{The evolution of the Milky Way from its earliest phases: Constraints on stellar nucleosynthesis}",
      journal = {\aap},
     keywords = {stars: abundances, galaxy: evolution, Astrophysics},
         year = 2004,
        month = jul,
       volume = {421},
        pages = {613-621},
          doi = {10.1051/0004-6361:20034140},
archivePrefix = {arXiv},
       eprint = {astro-ph/0401499},
 primaryClass = {astro-ph},
       adsurl = {https://ui.adsabs.harvard.edu/abs/2004A&A...421..613F},
      adsnote = {Provided by the SAO/NASA Astrophysics Data System}
}
@ARTICLE{2015MNRAS.448.2482J,
       author = {{Jerkstrand}, A. and {Smartt}, S.~J. and {Sollerman}, J. and {Inserra}, C. and {Fraser}, M. and {Spyromilio}, J. and {Fransson}, C. and {Chen}, T. -W. and {Barbarino}, C. and {Dall'Ora}, M. and {Botticella}, M.~T. and {Della Valle}, M. and {Gal-Yam}, A. and {Valenti}, S. and {Maguire}, K. and {Mazzali}, P. and {Tomasella}, L.},
        title = "{Supersolar Ni/Fe production in the Type IIP SN 2012ec}",
      journal = {\mnras},
     keywords = {line: formation, nuclear reactions, nucleosynthesis, abundances, stars: evolution, supernovae: general, supernovae: individual: SN 2012ec, Astrophysics - Solar and Stellar Astrophysics},
         year = 2015,
        month = apr,
       volume = {448},
       number = {3},
        pages = {2482-2494},
          doi = {10.1093/mnras/stv087},
archivePrefix = {arXiv},
       eprint = {1410.8394},
 primaryClass = {astro-ph.SR},
       adsurl = {https://ui.adsabs.harvard.edu/abs/2015MNRAS.448.2482J},
      adsnote = {Provided by the SAO/NASA Astrophysics Data System}
}
@ARTICLE{2005AA...436.1021K,
       author = {{Kotak}, R. and {Meikle}, W.~P.~S. and {Pignata}, G. and {Stehle}, M. and {Smartt}, S.~J. and {Benetti}, S. and {Hillebrandt}, W. and {Lennon}, D.~J. and {Mazzali}, P.~A. and {Patat}, F. and {Turatto}, M.},
        title = "{Spectroscopy of the type Ia supernova SN 2002er: Days -11 to +215}",
      journal = {\aap},
     keywords = {stars: supernovae: general, stars: supernovae: individual: SN 2002er, methods: observational, techniques: spectroscopic, Astrophysics},
         year = 2005,
        month = jun,
       volume = {436},
       number = {3},
        pages = {1021-1031},
          doi = {10.1051/0004-6361:20052756},
archivePrefix = {arXiv},
       eprint = {astro-ph/0503339},
 primaryClass = {astro-ph},
       adsurl = {https://ui.adsabs.harvard.edu/abs/2005A&A...436.1021K},
      adsnote = {Provided by the SAO/NASA Astrophysics Data System}
}
@ARTICLE{2020ApJ...893..143K,
       author = {{Kawabata}, Miho and {Maeda}, Keiichi and {Yamanaka}, Masayuki and {Nakaoka}, Tatsuya and {Kawabata}, Koji S. and {Adachi}, Ryo and {Akitaya}, Hiroshi and {Burgaz}, Umut and {Hanayama}, Hidekazu and {Horiuchi}, Takashi and {Hosokawa}, Ryohei and {Iida}, Kota and {Imazato}, Fumiya and {Isogai}, Keisuke and {Jiang}, Ji-an and {Katoh}, Noriyuki and {Kimura}, Hiroki and {Kino}, Masaru and {Kuroda}, Daisuke and {Maehara}, Hiroyuki and {Matsubayashi}, Kazuya and {Morihana}, Kumiko and {Murata}, Katsuhiro L. and {Nagao}, Takashi and {Niwano}, Masafumi and {Nogami}, Daisaku and {Oeda}, Motoki and {Ono}, Tatsuharu and {Onozato}, Hiroki and {Otsuka}, Masaaki and {Saito}, Tomoki and {Sasada}, Mahito and {Shiraishi}, Kazuki and {Sugiyama}, Haruki and {Taguchi}, Kenta and {Takahashi}, Jun and {Takagi}, Kengo and {Takagi}, Seiko and {Takayama}, Masaki and {Tozuka}, Miyako and {Sekiguchi}, Kazuhiro},
        title = "{SN 2019ein: New Insights into the Similarities and Diversity among High-velocity Type Ia Supernovae}",
      journal = {\apj},
     keywords = {1728, 1668, Astrophysics - High Energy Astrophysical Phenomena},
         year = 2020,
        month = apr,
       volume = {893},
       number = {2},
          eid = {143},
        pages = {143},
          doi = {10.3847/1538-4357/ab8236},
archivePrefix = {arXiv},
       eprint = {1908.03001},
 primaryClass = {astro-ph.HE},
       adsurl = {https://ui.adsabs.harvard.edu/abs/2020ApJ...893..143K},
      adsnote = {Provided by the SAO/NASA Astrophysics Data System}
}
@ARTICLE{1993AJ....105..301L,
       author = {{Leibundgut}, Bruno and {Kirshner}, Robert P. and {Phillips}, Mark M. and {Wells}, Lisa A. and {Suntzeff}, N.~B. and {Hamuy}, Mario and {Schommer}, R.~A. and {Walker}, A.~R. and {Gonzalez}, L. and {Ugarte}, P. and {Williams}, R.~E. and {Williger}, G. and {Gomez}, Mercedes and {Marzke}, Ronald and {Schmidt}, Brian P. and {Whitney}, Barbara and {Caldwell}, Nelson and {Peters}, J. and {Chaffee}, F.~H. and {Foltz}, Craig B. and {Rehner}, D. and {Siciliano}, L. and {Barnes}, T.~G. and {Cheng}, K. -P. and {Hintzen}, P.~M.~N. and {Kim}, Y. -C. and {Maza}, Jose and {Parker}, J. Wm. and {Porter}, A.~C. and {Schmidtke}, P.~C. and {Sonneborn}, George},
        title = "{SN 1991bg: A Type IA Supernova With a Difference}",
      journal = {\aj},
     keywords = {Astronomical Photometry, Light Curve, Stellar Luminosity, Stellar Spectra, Supernovae, Interstellar Extinction, Stellar Color, Stellar Mass Ejection, Astrophysics, SUPERNOVAE: INDIVIDUAL: SN 1991BG},
         year = 1993,
        month = jan,
       volume = {105},
        pages = {301},
          doi = {10.1086/116427},
       adsurl = {https://ui.adsabs.harvard.edu/abs/1993AJ....105..301L},
      adsnote = {Provided by the SAO/NASA Astrophysics Data System}
}
@ARTICLE{2009AA...505..265L,
       author = {{Leloudas}, G. and {Stritzinger}, M.~D. and {Sollerman}, J. and {Burns}, C.~R. and {Kozma}, C. and {Krisciunas}, K. and {Maund}, J.~R. and {Milne}, P. and {Filippenko}, A.~V. and {Fransson}, C. and {Ganeshalingam}, M. and {Hamuy}, M. and {Li}, W. and {Phillips}, M.~M. and {Schmidt}, B.~P. and {Skottfelt}, J. and {Taubenberger}, S. and {Boldt}, L. and {Fynbo}, J.~P.~U. and {Gonzalez}, L. and {Salvo}, M. and {Thomas-Osip}, J.},
        title = "{The normal Type Ia SN 2003hv out to very late phases}",
      journal = {\aap},
     keywords = {supernovae: general, supernovae: individual: SN 2003hv, Astrophysics - Solar and Stellar Astrophysics, Astrophysics - High Energy Astrophysical Phenomena},
         year = 2009,
        month = oct,
       volume = {505},
       number = {1},
        pages = {265-279},
          doi = {10.1051/0004-6361/200912364},
archivePrefix = {arXiv},
       eprint = {0908.0537},
 primaryClass = {astro-ph.SR},
       adsurl = {https://ui.adsabs.harvard.edu/abs/2009A&A...505..265L},
      adsnote = {Provided by the SAO/NASA Astrophysics Data System}
}
@ARTICLE{2000ApJ...530..966L,
       author = {{Lentz}, Eric J. and {Baron}, E. and {Branch}, David and {Hauschildt}, Peter H. and {Nugent}, Peter E.},
        title = "{Metallicity Effects in Non-LTE Model Atmospheres of Type IA Supernovae}",
      journal = {\apj},
     keywords = {LINE: FORMATION, NUCLEAR REACTIONS, NUCLEOSYNTHESIS, ABUNDANCES, RADIATIVE TRANSFER, STARS: ATMOSPHERES, STARS: SUPERNOVAE: GENERAL, Astrophysics},
         year = 2000,
        month = feb,
       volume = {530},
       number = {2},
        pages = {966-976},
          doi = {10.1086/308400},
archivePrefix = {arXiv},
       eprint = {astro-ph/9906016},
 primaryClass = {astro-ph},
       adsurl = {https://ui.adsabs.harvard.edu/abs/2000ApJ...530..966L},
      adsnote = {Provided by the SAO/NASA Astrophysics Data System}
}
@ARTICLE{2019ApJ...870...12L,
       author = {{Li}, W. and {Wang}, X. and {Vink{\'o}}, J. and {Mo}, J. and {Hosseinzadeh}, G. and {Sand}, D.~J. and {Zhang}, J. and {Lin}, H. and {PTSS/TNTS} and {Zhang}, T. and {Wang}, L. and {Zhang}, J. and {Chen}, Z. and {Xiang}, D. and {Rui}, L. and {Huang}, F. and {Li}, X. and {Zhang}, X. and {Li}, L. and {Baron}, E. and {Derkacy}, J.~M. and {Zhao}, X. and {Sai}, H. and {Zhang}, K. and {Wang}, L. and {LCO} and {Howell}, D.~A. and {McCully}, C. and {Arcavi}, I. and {Valenti}, S. and {Hiramatsu}, D. and {Burke}, J. and {KEGS} and {Rest}, A. and {Garnavich}, P. and {Tucker}, B.~E. and {Narayan}, G. and {Shaya}, E. and {Margheim}, S. and {Zenteno}, A. and {Villar}, A. and {UCSC} and {Dimitriadis}, G. and {Foley}, R.~J. and {Pan}, Y. -C. and {Coulter}, D.~A. and {Fox}, O.~D. and {Jha}, S.~W. and {Jones}, D.~O. and {Kasen}, D.~N. and {Kilpatrick}, C.~D. and {Piro}, A.~L. and {Riess}, A.~G. and {Rojas-Bravo}, C. and {ASAS-SN} and {Shappee}, B.~J. and {Holoien}, T.~W. -S. and {Stanek}, K.~Z. and {Drout}, M.~R. and {Auchettl}, K. and {Kochanek}, C.~S. and {Brown}, J.~S. and {Bose}, S. and {Bersier}, D. and {Brimacombe}, J. and {Chen}, P. and {Dong}, S. and {Holmbo}, S. and {Mu{\~n}oz}, J.~A. and {Mutel}, R.~L. and {Post}, R.~S. and {Prieto}, J.~L. and {Shields}, J. and {Tallon}, D. and {Thompson}, T.~A. and {Vallely}, P.~J. and {Villanueva}, S., Jr. and {Pan-STARRS} and {Smartt}, S.~J. and {Smith}, K.~W. and {Chambers}, K.~C. and {Flewelling}, H.~A. and {Huber}, M.~E. and {Magnier}, E.~A. and {Waters}, C.~Z. and {Schultz}, A.~S.~B. and {Bulger}, J. and {Lowe}, T.~B. and {Willman}, M. and {Konkoly/Texas} and {S{\'a}rneczky}, K. and {P{\'a}l}, A. and {Wheeler}, J.~C. and {B{\'o}di}, A. and {Bogn{\'a}r}, Zs. and {Cs{\'a}k}, B. and {Cseh}, B. and {Cs{\"o}rnyei}, G. and {Hanyecz}, O. and {Ign{\'a}cz}, B. and {Kalup}, Cs. and {K{\"o}nyves-T{\'o}th}, R. and {Kriskovics}, L. and {Ordasi}, A. and {Rajmon}, I. and {S{\'o}dor}, A. and {Szab{\'o}}, R. and {Szak{\'a}ts}, R. and {Zsidi}, G. and {Arizona}, University of and {Milne}, P. and {Andrews}, J.~E. and {Smith}, N. and {Bilinski}, C. and {Swift} and {Brown}, P.~J. and {ePESSTO} and {Nordin}, J. and {Williams}, S.~C. and {Galbany}, L. and {Palmerio}, J. and {Hook}, I.~M. and {Inserra}, C. and {Maguire}, K. and {Cartier}, R{\'e}gis and {Razza}, A. and {Guti{\'e}rrez}, C.~P. and {North Carolina}, University of and {Hermes}, J.~J. and {Reding}, J.~S. and {Kaiser}, B.~C. and {ATLAS} and {Tonry}, J.~L. and {Heinze}, A.~N. and {Denneau}, L. and {Weiland}, H. and {Stalder}, B. and {K2 Mission Team} and {Barentsen}, G. and {Dotson}, J. and {Barclay}, T. and {Gully-Santiago}, M. and {Hedges}, C. and {Cody}, A.~M. and {Howell}, S. and {Kepler Spacecraft Team} and {Coughlin}, J. and {Van Cleve}, J.~E. and {Cardoso}, J. Vin{\'\i}cius de Miranda and {Larson}, K.~A. and {McCalmont-Everton}, K.~M. and {Peterson}, C.~A. and {Ross}, S.~E. and {Reedy}, L.~H. and {Osborne}, D. and {McGinn}, C. and {Kohnert}, L. and {Migliorini}, L. and {Wheaton}, A. and {Spencer}, B. and {Labonde}, C. and {Castillo}, G. and {Beerman}, G. and {Steward}, K. and {Hanley}, M. and {Larsen}, R. and {Gangopadhyay}, R. and {Kloetzel}, R. and {Weschler}, T. and {Nystrom}, V. and {Moffatt}, J. and {Redick}, M. and {Griest}, K. and {Packard}, M. and {Muszynski}, M. and {Kampmeier}, J. and {Bjella}, R. and {Flynn}, S. and {Elsaesser}, B.},
        title = "{Photometric and Spectroscopic Properties of Type Ia Supernova 2018oh with Early Excess Emission from the Kepler 2 Observations}",
      journal = {\apj},
     keywords = {supernovae: general, supernovae: individual: SN 2018oh, Astrophysics - Solar and Stellar Astrophysics, Astrophysics - High Energy Astrophysical Phenomena},
         year = 2019,
        month = jan,
       volume = {870},
       number = {1},
          eid = {12},
        pages = {12},
          doi = {10.3847/1538-4357/aaec74},
archivePrefix = {arXiv},
       eprint = {1811.10056},
 primaryClass = {astro-ph.SR},
       adsurl = {https://ui.adsabs.harvard.edu/abs/2019ApJ...870...12L},
      adsnote = {Provided by the SAO/NASA Astrophysics Data System}
}
@ARTICLE{2010Natur.466...82M,
       author = {{Maeda}, K. and {Benetti}, S. and {Stritzinger}, M. and {R{\"o}pke}, F.~K. and {Folatelli}, G. and {Sollerman}, J. and {Taubenberger}, S. and {Nomoto}, K. and {Leloudas}, G. and {Hamuy}, M. and {Tanaka}, M. and {Mazzali}, P.~A. and {Elias-Rosa}, N.},
        title = "{An asymmetric explosion as the origin of spectral evolution diversity in type Ia supernovae}",
      journal = {\nat},
     keywords = {Astrophysics - Cosmology and Nongalactic Astrophysics, Astrophysics - High Energy Astrophysical Phenomena, Astrophysics - Solar and Stellar Astrophysics},
         year = 2010,
        month = jul,
       volume = {466},
       number = {7302},
        pages = {82-85},
          doi = {10.1038/nature09122},
archivePrefix = {arXiv},
       eprint = {1006.5888},
 primaryClass = {astro-ph.CO},
       adsurl = {https://ui.adsabs.harvard.edu/abs/2010Natur.466...82M},
      adsnote = {Provided by the SAO/NASA Astrophysics Data System}
}
@ARTICLE{2010ApJ...708.1703M,
       author = {{Maeda}, K. and {Taubenberger}, S. and {Sollerman}, J. and {Mazzali}, P.~A. and {Leloudas}, G. and {Nomoto}, K. and {Motohara}, K.},
        title = "{Nebular Spectra and Explosion Asymmetry of Type Ia Supernovae}",
      journal = {\apj},
     keywords = {nuclear reactions, nucleosynthesis, abundances, radiative transfer, supernovae: general, supernovae: individual: SN 2003hv, Astrophysics - Solar and Stellar Astrophysics, Astrophysics - Cosmology and Nongalactic Astrophysics},
         year = 2010,
        month = jan,
       volume = {708},
       number = {2},
        pages = {1703-1715},
          doi = {10.1088/0004-637X/708/2/1703},
archivePrefix = {arXiv},
       eprint = {0911.5484},
 primaryClass = {astro-ph.SR},
       adsurl = {https://ui.adsabs.harvard.edu/abs/2010ApJ...708.1703M},
      adsnote = {Provided by the SAO/NASA Astrophysics Data System}
}
@ARTICLE{2018MNRAS.477.3567M,
       author = {{Maguire}, K. and {Sim}, S.~A. and {Shingles}, L. and {Spyromilio}, J. and {Jerkstrand}, A. and {Sullivan}, M. and {Chen}, T. -W. and {Cartier}, R. and {Dimitriadis}, G. and {Frohmaier}, C. and {Galbany}, L. and {Guti{\'e}rrez}, C.~P. and {Hosseinzadeh}, G. and {Howell}, D.~A. and {Inserra}, C. and {Rudy}, R. and {Sollerman}, J.},
        title = "{Using late-time optical and near-infrared spectra to constrain Type Ia supernova explosion properties}",
      journal = {\mnras},
     keywords = {line: profiles, techniques: spectroscopic, supernovae: general, Astrophysics - High Energy Astrophysical Phenomena, Astrophysics - Cosmology and Nongalactic Astrophysics, Astrophysics - Solar and Stellar Astrophysics},
         year = 2018,
        month = jul,
       volume = {477},
       number = {3},
        pages = {3567-3582},
          doi = {10.1093/mnras/sty820},
archivePrefix = {arXiv},
       eprint = {1803.10252},
 primaryClass = {astro-ph.HE},
       adsurl = {https://ui.adsabs.harvard.edu/abs/2018MNRAS.477.3567M},
      adsnote = {Provided by the SAO/NASA Astrophysics Data System}
}
@ARTICLE{2016MNRAS.457.3254M,
       author = {{Maguire}, K. and {Taubenberger}, S. and {Sullivan}, M. and {Mazzali}, P.~A.},
        title = "{Searching for swept-up hydrogen and helium in the late-time spectra of 11 nearby Type Ia supernovae}",
      journal = {\mnras},
     keywords = {line: profiles, supernovae: general, Astrophysics - Solar and Stellar Astrophysics, Astrophysics - High Energy Astrophysical Phenomena},
         year = 2016,
        month = apr,
       volume = {457},
       number = {3},
        pages = {3254-3265},
          doi = {10.1093/mnras/stv2991},
archivePrefix = {arXiv},
       eprint = {1512.07107},
 primaryClass = {astro-ph.SR},
       adsurl = {https://ui.adsabs.harvard.edu/abs/2016MNRAS.457.3254M},
      adsnote = {Provided by the SAO/NASA Astrophysics Data System}
}
@ARTICLE{2014ARAA..52..107M,
       author = {{Maoz}, Dan and {Mannucci}, Filippo and {Nelemans}, Gijs},
        title = "{Observational Clues to the Progenitors of Type Ia Supernovae}",
      journal = {\araa},
     keywords = {Astrophysics - Cosmology and Nongalactic Astrophysics, Astrophysics - High Energy Astrophysical Phenomena},
         year = 2014,
        month = aug,
       volume = {52},
        pages = {107-170},
          doi = {10.1146/annurev-astro-082812-141031},
archivePrefix = {arXiv},
       eprint = {1312.0628},
 primaryClass = {astro-ph.CO},
       adsurl = {https://ui.adsabs.harvard.edu/abs/2014ARA&A..52..107M},
      adsnote = {Provided by the SAO/NASA Astrophysics Data System}
}
@ARTICLE{2020ApJ...898...56M,
       author = {{Miller}, A.~A. and {Magee}, M.~R. and {Polin}, A. and {Maguire}, K. and {Zimmerman}, E. and {Yao}, Y. and {Sollerman}, J. and {Schulze}, S. and {Perley}, D.~A. and {Kromer}, M. and {Dhawan}, S. and {Bulla}, M. and {Andreoni}, I. and {Bellm}, E.~C. and {De}, K. and {Dekany}, R. and {Delacroix}, A. and {Fremling}, C. and {Gal-Yam}, A. and {Goldstein}, D.~A. and {Golkhou}, V.~Z. and {Goobar}, A. and {Graham}, M.~J. and {Irani}, I. and {Kasliwal}, M.~M. and {Kaye}, S. and {Kim}, Y. -L. and {Laher}, R.~R. and {Mahabal}, A.~A. and {Masci}, F.~J. and {Nugent}, P.~E. and {Ofek}, E. and {Phinney}, E.~S. and {Prentice}, S.~J. and {Riddle}, R. and {Rigault}, M. and {Rusholme}, B. and {Schweyer}, T. and {Shupe}, D.~L. and {Soumagnac}, M.~T. and {Terreran}, G. and {Walters}, R. and {Yan}, L. and {Zolkower}, J. and {Kulkarni}, S.~R.},
        title = "{The Spectacular Ultraviolet Flash from the Peculiar Type Ia Supernova 2019yvq}",
      journal = {\apj},
     keywords = {Surveys, Supernovae, Type Ia supernovae, White dwarf stars, Observational astronomy, 1671, 1668, 1728, 1799, 1145, Astrophysics - High Energy Astrophysical Phenomena, Astrophysics - Solar and Stellar Astrophysics},
         year = 2020,
        month = jul,
       volume = {898},
       number = {1},
          eid = {56},
        pages = {56},
          doi = {10.3847/1538-4357/ab9e05},
archivePrefix = {arXiv},
       eprint = {2005.05972},
 primaryClass = {astro-ph.HE},
       adsurl = {https://ui.adsabs.harvard.edu/abs/2020ApJ...898...56M},
      adsnote = {Provided by the SAO/NASA Astrophysics Data System}
}
@ARTICLE{1997NuPhA.621..467N,
       author = {{Nomoto}, K. and {Iwamoto}, K. and {Nakasato}, N. and {Thielemann}, F. -K. and {Brachwitz}, F. and {Tsujimoto}, T. and {Kubo}, Y. and {Kishimoto}, N.},
        title = "{Nucleosynthesis in type Ia supernovae}",
      journal = {\nphysa},
     keywords = {Astrophysics},
         year = 1997,
        month = feb,
       volume = {621},
        pages = {467-476},
          doi = {10.1016/S0375-9474(97)00291-1},
archivePrefix = {arXiv},
       eprint = {astro-ph/9706025},
 primaryClass = {astro-ph},
       adsurl = {https://ui.adsabs.harvard.edu/abs/1997NuPhA.621..467N},
      adsnote = {Provided by the SAO/NASA Astrophysics Data System}
}
@ARTICLE{1997Sci...276.1378N,
       author = {{Nomoto}, K. and {Iwamoto}, K. and {Kishimoto}, N.},
        title = "{Type Ia supernovae: their origin and possible applications in cosmology.}",
      journal = {Science},
     keywords = {Supernovae: Origin, Supernovae: Cosmological Constant, Supernovae: Cosmic Density Parameter, Supernovae: Hubble Constant, Supernovae: Progenitors, Supernovae: Explosions, Astrophysics},
         year = 1997,
        month = jan,
       volume = {276},
        pages = {1378-1382},
          doi = {10.1126/science.276.5317.1378},
archivePrefix = {arXiv},
       eprint = {astro-ph/9706007},
 primaryClass = {astro-ph},
       adsurl = {https://ui.adsabs.harvard.edu/abs/1997Sci...276.1378N},
      adsnote = {Provided by the SAO/NASA Astrophysics Data System}
}
@ARTICLE{2015MNRAS.452.4307P,
       author = {{Pan}, Y. -C. and {Foley}, R.~J. and {Kromer}, M. and {Fox}, O.~D. and {Zheng}, W. and {Challis}, P. and {Clubb}, K.~I. and {Filippenko}, A.~V. and {Folatelli}, G. and {Graham}, M.~L. and {Hillebrandt}, W. and {Kirshner}, R.~P. and {Lee}, W.~H. and {Pakmor}, R. and {Patat}, F. and {Phillips}, M.~M. and {Pignata}, G. and {R{\"o}pke}, F. and {Seitenzahl}, I. and {Silverman}, J.~M. and {Simon}, J.~D. and {Sternberg}, A. and {Stritzinger}, M.~D. and {Taubenberger}, S. and {Vinko}, J. and {Wheeler}, J.~C.},
        title = "{500 days of SN 2013dy: spectra and photometry from the ultraviolet to the infrared}",
      journal = {\mnras},
     keywords = {supernovae: general, supernovae: individual: SN 2013dy, Astrophysics - High Energy Astrophysical Phenomena, Astrophysics - Solar and Stellar Astrophysics},
         year = 2015,
        month = oct,
       volume = {452},
       number = {4},
        pages = {4307-4325},
          doi = {10.1093/mnras/stv1605},
archivePrefix = {arXiv},
       eprint = {1504.02396},
 primaryClass = {astro-ph.HE},
       adsurl = {https://ui.adsabs.harvard.edu/abs/2015MNRAS.452.4307P},
      adsnote = {Provided by the SAO/NASA Astrophysics Data System}
}
@ARTICLE{2019PASA...36...31P,
       author = {{Panther}, Fiona H. and {Seitenzahl}, Ivo R. and {Ruiter}, Ashley J. and {Crocker}, Roland M. and {Lidman}, Chris and {Wang}, Ella Xi and {Tucker}, Brad E. and {Groves}, Brent},
        title = "{SN1991bg-like supernovae are associated with old stellar populations}",
      journal = {\pasa},
     keywords = {galaxies: stellar content, supernovae: general, supernovae: individual: SN1991bg, techniques: imaging spectroscopy, Astrophysics - Astrophysics of Galaxies, Astrophysics - Solar and Stellar Astrophysics},
         year = 2019,
        month = aug,
       volume = {36},
          eid = {e031},
        pages = {e031},
          doi = {10.1017/pasa.2019.24},
archivePrefix = {arXiv},
       eprint = {1904.10139},
 primaryClass = {astro-ph.GA},
       adsurl = {https://ui.adsabs.harvard.edu/abs/2019PASA...36...31P},
      adsnote = {Provided by the SAO/NASA Astrophysics Data System}
}
@ARTICLE{1987PASP...99..592P,
       author = {{Phillips}, M.~M. and {Phillips}, A.~C. and {Heathcote}, S.~R. and {Blanco}, V.~M. and {Geisler}, D. and {Hamilton}, D. and {Suntzeff}, N.~B. and {Jablonski}, F.~J. and {Steiner}, J.~E. and {Cowley}, A.~P. and {Schmidtke}, P. and {Wyckoff}, S. and {Hutchings}, J.~B. and {Tonry}, J. and {Strauss}, M.~A. and {Thorstensen}, J.~R. and {Honey}, W. and {Maza}, J. and {Ruiz}, M.~T. and {Landolt}, A.~U. and {Uomoto}, A. and {Rich}, R.~M. and {Grindlay}, J.~E. and {Cohn}, H. and {Smith}, H.~A. and {Lutz}, J.~H. and {Lavery}, R.~J. and {Saha}, A.},
        title = "{The type IA supernova 1986G in NGC 5128 : optical photometry and spectra.}",
      journal = {\pasp},
     keywords = {Light Curve, Radio Galaxies, Stellar Spectra, Supernovae, Visible Spectrum, Absorption Spectra, Interstellar Extinction, Radiant Flux Density, Spectral Energy Distribution, Spectral Line Width, Ubv Spectra, Astronomy},
         year = 1987,
        month = jul,
       volume = {99},
        pages = {592-605},
          doi = {10.1086/132020},
       adsurl = {https://ui.adsabs.harvard.edu/abs/1987PASP...99..592P},
      adsnote = {Provided by the SAO/NASA Astrophysics Data System}
}
@ARTICLE{1993ApJ...413L.105P,
       author = {{Phillips}, M.~M.},
        title = "{The Absolute Magnitudes of Type IA Supernovae}",
      journal = {\apjl},
     keywords = {Light Curve, Stellar Magnitude, Supernovae, White Dwarf Stars, Astronomical Photometry, Brightness Distribution, Stellar Luminosity, Astrophysics, COSMOLOGY: DISTANCE SCALE, STARS: SUPERNOVAE: GENERAL},
         year = 1993,
        month = aug,
       volume = {413},
        pages = {L105},
          doi = {10.1086/186970},
       adsurl = {https://ui.adsabs.harvard.edu/abs/1993ApJ...413L.105P},
      adsnote = {Provided by the SAO/NASA Astrophysics Data System}
}
@ARTICLE{2007MNRAS.376.1301P,
       author = {{Pastorello}, A. and {Taubenberger}, S. and {Elias-Rosa}, N. and {Mazzali}, P.~A. and {Pignata}, G. and {Cappellaro}, E. and {Garavini}, G. and {Nobili}, S. and {Anupama}, G.~C. and {Bayliss}, D.~D.~R. and {Benetti}, S. and {Bufano}, F. and {Chakradhari}, N.~K. and {Kotak}, R. and {Goobar}, A. and {Navasardyan}, H. and {Patat}, F. and {Sahu}, D.~K. and {Salvo}, M. and {Schmidt}, B.~P. and {Stanishev}, V. and {Turatto}, M. and {Hillebrandt}, W.},
        title = "{ESC observations of SN 2005cf - I. Photometric evolution of a normal Type Ia supernova}",
      journal = {\mnras},
     keywords = {supernovae: general, supernovae: individual: SN 2005cf, supernovae: individual: SN 1992al, supernovae: individual: SN 2001el, galaxies: individual: MCG-01-39-003, galaxies: individual: NGC 5917, Astrophysics},
         year = 2007,
        month = apr,
       volume = {376},
       number = {3},
        pages = {1301-1316},
          doi = {10.1111/j.1365-2966.2007.11527.x},
archivePrefix = {arXiv},
       eprint = {astro-ph/0702566},
 primaryClass = {astro-ph},
       adsurl = {https://ui.adsabs.harvard.edu/abs/2007MNRAS.376.1301P},
      adsnote = {Provided by the SAO/NASA Astrophysics Data System}
}
@ARTICLE{1999AJ....118.1766P,
       author = {{Phillips}, M.~M. and {Lira}, Paulina and {Suntzeff}, Nicholas B. and {Schommer}, R.~A. and {Hamuy}, Mario and {Maza}, Jos{\'e}},
        title = "{The Reddening-Free Decline Rate Versus Luminosity Relationship for Type IA Supernovae}",
      journal = {\aj},
     keywords = {COSMOLOGY: DISTANCE SCALE, STARS: SUPERNOVAE: GENERAL, Astrophysics},
         year = 1999,
        month = oct,
       volume = {118},
       number = {4},
        pages = {1766-1776},
          doi = {10.1086/301032},
archivePrefix = {arXiv},
       eprint = {astro-ph/9907052},
 primaryClass = {astro-ph},
       adsurl = {https://ui.adsabs.harvard.edu/abs/1999AJ....118.1766P},
      adsnote = {Provided by the SAO/NASA Astrophysics Data System}
}
@ARTICLE{2013ApJ...769L...1F,
       author = {{Foley}, Ryan J. and {Kirshner}, Robert P.},
        title = "{Metallicity Differences in Type Ia Supernova Progenitors Inferred from Ultraviolet Spectra}",
      journal = {\apjl},
     keywords = {supernovae: general, supernovae: individual: SN 2011by SN 2011fe, Astrophysics - Solar and Stellar Astrophysics, Astrophysics - Cosmology and Nongalactic Astrophysics},
         year = 2013,
        month = may,
       volume = {769},
       number = {1},
          eid = {L1},
        pages = {L1},
          doi = {10.1088/2041-8205/769/1/L1},
archivePrefix = {arXiv},
       eprint = {1302.4479},
 primaryClass = {astro-ph.SR},
       adsurl = {https://ui.adsabs.harvard.edu/abs/2013ApJ...769L...1F},
      adsnote = {Provided by the SAO/NASA Astrophysics Data System}
}
@ARTICLE{2013ApJ...779...38P,
       author = {{Phillips}, M.~M. and {Simon}, Joshua D. and {Morrell}, Nidia and {Burns}, Christopher R. and {Cox}, Nick L.~J. and {Foley}, Ryan J. and {Karakas}, Amanda I. and {Patat}, F. and {Sternberg}, A. and {Williams}, R.~E. and {Gal-Yam}, A. and {Hsiao}, E.~Y. and {Leonard}, D.~C. and {Persson}, Sven E. and {Stritzinger}, Maximilian and {Thompson}, I.~B. and {Campillay}, Abdo and {Contreras}, Carlos and {Folatelli}, Gast{\'o}n and {Freedman}, Wendy L. and {Hamuy}, Mario and {Roth}, Miguel and {Shields}, Gregory A. and {Suntzeff}, Nicholas B. and {Chomiuk}, Laura and {Ivans}, Inese I. and {Madore}, Barry F. and {Penprase}, B.~E. and {Perley}, Daniel and {Pignata}, G. and {Preston}, G. and {Soderberg}, Alicia M.},
        title = "{On the Source of the Dust Extinction in Type Ia Supernovae and the Discovery of Anomalously Strong Na I Absorption}",
      journal = {\apj},
     keywords = {circumstellar matter, dust, extinction, galaxies: ISM, supernovae: general, Astrophysics - Cosmology and Nongalactic Astrophysics, Astrophysics - Solar and Stellar Astrophysics},
         year = 2013,
        month = dec,
       volume = {779},
       number = {1},
          eid = {38},
        pages = {38},
          doi = {10.1088/0004-637X/779/1/38},
archivePrefix = {arXiv},
       eprint = {1311.0147},
 primaryClass = {astro-ph.CO},
       adsurl = {https://ui.adsabs.harvard.edu/abs/2013ApJ...779...38P},
      adsnote = {Provided by the SAO/NASA Astrophysics Data System}
}
@ARTICLE{2011ApJ...737..103S,
       author = {{Schlafly}, Edward F. and {Finkbeiner}, Douglas P.},
        title = "{Measuring Reddening with Sloan Digital Sky Survey Stellar Spectra and Recalibrating SFD}",
      journal = {\apj},
     keywords = {dust, extinction, Galaxy: stellar content, ISM: clouds, Astrophysics - Galaxy Astrophysics},
         year = 2011,
        month = aug,
       volume = {737},
       number = {2},
          eid = {103},
        pages = {103},
          doi = {10.1088/0004-637X/737/2/103},
archivePrefix = {arXiv},
       eprint = {1012.4804},
 primaryClass = {astro-ph.GA},
       adsurl = {https://ui.adsabs.harvard.edu/abs/2011ApJ...737..103S},
      adsnote = {Provided by the SAO/NASA Astrophysics Data System}
}
@ARTICLE{2013MNRAS.429.1156S,
       author = {{Seitenzahl}, Ivo R. and {Ciaraldi-Schoolmann}, Franco and {R{\"o}pke}, Friedrich K. and {Fink}, Michael and {Hillebrandt}, Wolfgang and {Kromer}, Markus and {Pakmor}, R{\"u}diger and {Ruiter}, Ashley J. and {Sim}, Stuart A. and {Taubenberger}, Stefan},
        title = "{Three-dimensional delayed-detonation models with nucleosynthesis for Type Ia supernovae}",
      journal = {\mnras},
     keywords = {nuclear reactions, nucleosynthesis, abundances, supernovae: general, white dwarfs, Astrophysics - Solar and Stellar Astrophysics, Astrophysics - High Energy Astrophysical Phenomena},
         year = 2013,
        month = feb,
       volume = {429},
       number = {2},
        pages = {1156-1172},
          doi = {10.1093/mnras/sts402},
archivePrefix = {arXiv},
       eprint = {1211.3015},
 primaryClass = {astro-ph.SR},
       adsurl = {https://ui.adsabs.harvard.edu/abs/2013MNRAS.429.1156S},
      adsnote = {Provided by the SAO/NASA Astrophysics Data System}
}
@ARTICLE{2018ApJ...855....6S,
       author = {{Shappee}, B.~J. and {Piro}, A.~L. and {Stanek}, K.~Z. and {Patel}, S.~G. and {Margutti}, R.~A. and {Lipunov}, V.~M. and {Pogge}, R.~W.},
        title = "{Strong Evidence against a Non-degenerate Companion in SN 2012cg}",
      journal = {\apj},
     keywords = {supernovae: individual: SN 2012cg, Astrophysics - High Energy Astrophysical Phenomena},
         year = 2018,
        month = mar,
       volume = {855},
       number = {1},
          eid = {6},
        pages = {6},
          doi = {10.3847/1538-4357/aaa1e9},
archivePrefix = {arXiv},
       eprint = {1610.07601},
 primaryClass = {astro-ph.HE},
       adsurl = {https://ui.adsabs.harvard.edu/abs/2018ApJ...855....6S},
      adsnote = {Provided by the SAO/NASA Astrophysics Data System}
}
@ARTICLE{2018ApJ...854...52S,
       author = {{Shen}, Ken J. and {Kasen}, Daniel and {Miles}, Broxton J. and {Townsley}, Dean M.},
        title = "{Sub-Chandrasekhar-mass White Dwarf Detonations Revisited}",
      journal = {\apj},
     keywords = {binaries: close, nuclear reactions, nucleosynthesis, abundances, radiative transfer, supernovae: general, white dwarfs, Astrophysics - High Energy Astrophysical Phenomena, Astrophysics - Solar and Stellar Astrophysics},
         year = 2018,
        month = feb,
       volume = {854},
       number = {1},
          eid = {52},
        pages = {52},
          doi = {10.3847/1538-4357/aaa8de},
archivePrefix = {arXiv},
       eprint = {1706.01898},
 primaryClass = {astro-ph.HE},
       adsurl = {https://ui.adsabs.harvard.edu/abs/2018ApJ...854...52S},
      adsnote = {Provided by the SAO/NASA Astrophysics Data System}
}
@ARTICLE{2012ApJ...756L...7S,
       author = {{Silverman}, Jeffrey M. and {Ganeshalingam}, Mohan and {Cenko}, S. Bradley and {Filippenko}, Alexei V. and {Li}, Weidong and {Barth}, Aaron J. and {Carson}, Daniel J. and {Childress}, Michael and {Clubb}, Kelsey I. and {Cucchiara}, Antonino and {Graham}, Melissa L. and {Marion}, G.~H. and {Nguyen}, My L. and {Pei}, Liuyi and {Tucker}, Brad E. and {Vinko}, Jozsef and {Wheeler}, J. Craig and {Worseck}, Gabor},
        title = "{The Very Young Type Ia Supernova 2012cg: Discovery and Early-time Follow-up Observations}",
      journal = {\apjl},
     keywords = {supernovae: general, supernovae: individual: SN 2012cg, Astrophysics - Cosmology and Nongalactic Astrophysics},
         year = 2012,
        month = sep,
       volume = {756},
       number = {1},
          eid = {L7},
        pages = {L7},
          doi = {10.1088/2041-8205/756/1/L7},
archivePrefix = {arXiv},
       eprint = {1206.1328},
 primaryClass = {astro-ph.CO},
       adsurl = {https://ui.adsabs.harvard.edu/abs/2012ApJ...756L...7S},
      adsnote = {Provided by the SAO/NASA Astrophysics Data System}
}
@ARTICLE{2013MNRAS.430.1030S,
       author = {{Silverman}, Jeffrey M. and {Ganeshalingam}, Mohan and {Filippenko}, Alexei V.},
        title = "{Berkeley Supernova Ia Program - V. Late-time spectra of Type Ia Supernovae}",
      journal = {\mnras},
     keywords = {methods: data analysis, techniques: spectroscopic, supernovae: general, Astrophysics - Cosmology and Nongalactic Astrophysics},
         year = 2013,
        month = apr,
       volume = {430},
       number = {2},
        pages = {1030-1041},
          doi = {10.1093/mnras/sts674},
archivePrefix = {arXiv},
       eprint = {1211.0279},
 primaryClass = {astro-ph.CO},
       adsurl = {https://ui.adsabs.harvard.edu/abs/2013MNRAS.430.1030S},
      adsnote = {Provided by the SAO/NASA Astrophysics Data System}
}
@ARTICLE{2016MNRAS.457.1000S,
       author = {{Srivastav}, Shubham and {Ninan}, J.~P. and {Kumar}, B. and {Anupama}, G.~C. and {Sahu}, D.~K. and {Ojha}, D.~K. and {Prabhu}, T.~P.},
        title = "{Optical and NIR observations of the nearby type Ia supernova SN 2014J}",
      journal = {\mnras},
     keywords = {supernovae: general, supernovae: individual: SN 2014J, galaxies: individual: M82, Astrophysics - Solar and Stellar Astrophysics, Astrophysics - High Energy Astrophysical Phenomena},
         year = 2016,
        month = mar,
       volume = {457},
       number = {1},
        pages = {1000-1014},
          doi = {10.1093/mnras/stw039},
archivePrefix = {arXiv},
       eprint = {1601.00805},
 primaryClass = {astro-ph.SR},
       adsurl = {https://ui.adsabs.harvard.edu/abs/2016MNRAS.457.1000S},
      adsnote = {Provided by the SAO/NASA Astrophysics Data System}
}
@ARTICLE{2010ApJ...714L..52S,
       author = {{Sim}, S.~A. and {R{\"o}pke}, F.~K. and {Hillebrandt}, W. and {Kromer}, M. and {Pakmor}, R. and {Fink}, M. and {Ruiter}, A.~J. and {Seitenzahl}, I.~R.},
        title = "{Detonations in Sub-Chandrasekhar-mass C+O White Dwarfs}",
      journal = {\apjl},
     keywords = {radiative transfer, supernovae: general, white dwarfs, Astrophysics - High Energy Astrophysical Phenomena},
         year = 2010,
        month = may,
       volume = {714},
       number = {1},
        pages = {L52-L57},
          doi = {10.1088/2041-8205/714/1/L52},
archivePrefix = {arXiv},
       eprint = {1003.2917},
 primaryClass = {astro-ph.HE},
       adsurl = {https://ui.adsabs.harvard.edu/abs/2010ApJ...714L..52S},
      adsnote = {Provided by the SAO/NASA Astrophysics Data System}
}
@ARTICLE{2020MNRAS.492.4325S,
       author = {{Stahl}, Benjamin E. and {Zheng}, WeiKang and {de Jaeger}, Thomas and {Brink}, Thomas G. and {Filippenko}, Alexei V. and {Silverman}, Jeffrey M. and {Cenko}, S. Bradley and {Clubb}, Kelsey I. and {Graham}, Melissa L. and {Halevi}, Goni and {Kelly}, Patrick L. and {Kleiser}, Io and {Shivvers}, Isaac and {Yuk}, Heechan and {Cobb}, Bethany E. and {Fox}, Ori D. and {Kandrashoff}, Michael T. and {Kong}, Jason J. and {Mauerhan}, Jon C. and {Wang}, Xianggao and {Wang}, Xiaofeng},
        title = "{Berkeley supernova Ia program: data release of 637 spectra from 247 Type Ia supernovae}",
      journal = {\mnras},
     keywords = {techniques: spectroscopic, surveys, supernovae: general, distance scale, cosmology: observations, Astrophysics - Solar and Stellar Astrophysics, Astrophysics - High Energy Astrophysical Phenomena},
         year = 2020,
        month = mar,
       volume = {492},
       number = {3},
        pages = {4325-4343},
          doi = {10.1093/mnras/staa102},
archivePrefix = {arXiv},
       eprint = {2001.03235},
 primaryClass = {astro-ph.SR},
       adsurl = {https://ui.adsabs.harvard.edu/abs/2020MNRAS.492.4325S},
      adsnote = {Provided by the SAO/NASA Astrophysics Data System}
}
@ARTICLE{1999AJ....117.1175S,
       author = {{Suntzeff}, Nicholas B. and {Phillips}, M.~M. and {Covarrubias}, R. and {Navarrete}, M. and {P{\'e}rez}, J.~J. and {Guerra}, A. and {Acevedo}, M.~T. and {Doyle}, Laurance R. and {Harrison}, Thomas and {Kane}, Stephen and {Long}, Knox S. and {Maza}, Jos{\'e} and {Miller}, Scott and {Piatti}, Andr{\'e}s E. and {Clari{\'a}}, Juan J. and {Ahumada}, Andrea V. and {Pritzl}, Barton and {Winkler}, P. Frank},
        title = "{Optical Light Curve of the Type IA Supernova 1998BU in M96 and the Supernova Calibration of the Hubble Constant}",
      journal = {\aj},
     keywords = {COSMOLOGY: DISTANCE SCALE, GALAXIES: INDIVIDUAL: NGC NUMBER: NGC 3368, STARS: SUPERNOVAE: GENERAL, SUPERNOVAE: INDIVIDUAL (SN 1998BU), Astrophysics},
         year = 1999,
        month = mar,
       volume = {117},
       number = {3},
        pages = {1175-1184},
          doi = {10.1086/300771},
archivePrefix = {arXiv},
       eprint = {astro-ph/9811205},
 primaryClass = {astro-ph},
       adsurl = {https://ui.adsabs.harvard.edu/abs/1999AJ....117.1175S},
      adsnote = {Provided by the SAO/NASA Astrophysics Data System}
}
@ARTICLE{2003ApJ...590L..83T,
       author = {{Timmes}, F.~X. and {Brown}, Edward F. and {Truran}, J.~W.},
        title = "{On Variations in the Peak Luminosity of Type Ia Supernovae}",
      journal = {\apjl},
     keywords = {Galaxies: Abundances, Galaxies: Evolution, Nuclear Reactions, Nucleosynthesis, Abundances, Stars: Abundances, Stars: Supernovae: General, Astrophysics},
         year = 2003,
        month = jun,
       volume = {590},
       number = {2},
        pages = {L83-L86},
          doi = {10.1086/376721},
archivePrefix = {arXiv},
       eprint = {astro-ph/0305114},
 primaryClass = {astro-ph},
       adsurl = {https://ui.adsabs.harvard.edu/abs/2003ApJ...590L..83T},
      adsnote = {Provided by the SAO/NASA Astrophysics Data System}
}
@ARTICLE{2007AA...469..645S,
       author = {{Stanishev}, V. and {Goobar}, A. and {Benetti}, S. and {Kotak}, R. and {Pignata}, G. and {Navasardyan}, H. and {Mazzali}, P. and {Amanullah}, R. and {Garavini}, G. and {Nobili}, S. and {Qiu}, Y. and {Elias-Rosa}, N. and {Ruiz-Lapuente}, P. and {Mendez}, J. and {Meikle}, P. and {Patat}, F. and {Pastorello}, A. and {Altavilla}, G. and {Gustafsson}, M. and {Harutyunyan}, A. and {Iijima}, T. and {Jakobsson}, P. and {Kichizhieva}, M.~V. and {Lundqvist}, P. and {Mattila}, S. and {Melinder}, J. and {Pavlenko}, E.~P. and {Pavlyuk}, N.~N. and {Sollerman}, J. and {Tsvetkov}, D. Yu. and {Turatto}, M. and {Hillebrandt}, W.},
        title = "{SN 2003du: 480 days in the life of a normal type Ia supernova}",
      journal = {\aap},
     keywords = {stars: supernovae: general, stars: supernovae: individual: SN 2003du, methods: observational, techniques: photometric, techniques: spectroscopic, Astrophysics},
         year = 2007,
        month = jul,
       volume = {469},
       number = {2},
        pages = {645-661},
          doi = {10.1051/0004-6361:20066020},
archivePrefix = {arXiv},
       eprint = {0704.1244},
 primaryClass = {astro-ph},
       adsurl = {https://ui.adsabs.harvard.edu/abs/2007A&A...469..645S},
      adsnote = {Provided by the SAO/NASA Astrophysics Data System}
}
@ARTICLE{2019ApJ...872L..22T,
       author = {{Tucker}, M.~A. and {Shappee}, B.~J. and {Wisniewski}, J.~P.},
        title = "{No Stripped Companion Material in the Nebular Spectrum of the {\textquotedblleft}Two-Component{\textquotedblright} Type Ia Supernova ASASSN-18bt}",
      journal = {\apjl},
     keywords = {supernovae: general, supernovae: individual: ASASSN-18bt\&SN2018oh, techniques: spectroscopic, Astrophysics - High Energy Astrophysical Phenomena, Astrophysics - Solar and Stellar Astrophysics},
         year = 2019,
        month = feb,
       volume = {872},
       number = {2},
          eid = {L22},
        pages = {L22},
          doi = {10.3847/2041-8213/ab0286},
archivePrefix = {arXiv},
       eprint = {1811.09635},
 primaryClass = {astro-ph.HE},
       adsurl = {https://ui.adsabs.harvard.edu/abs/2019ApJ...872L..22T},
      adsnote = {Provided by the SAO/NASA Astrophysics Data System}
}
@ARTICLE{2020MNRAS.493.1044T,
       author = {{Tucker}, M.~A. and {Shappee}, B.~J. and {Vallely}, P.~J. and {Stanek}, K.~Z. and {Prieto}, J.~L. and {Botyanszki}, J. and {Kochanek}, C.~S. and {Anderson}, J.~P. and {Brown}, J. and {Galbany}, L. and {Holoien}, T.~W. -S. and {Hsiao}, E.~Y. and {Kumar}, S. and {Kuncarayakti}, H. and {Morrell}, N. and {Phillips}, M.~M. and {Stritzinger}, M.~D. and {Thompson}, Todd A.},
        title = "{Nebular spectra of 111 Type Ia supernovae disfavour single-degenerate progenitors}",
      journal = {\mnras},
     keywords = {supernovae, general; galaxies, distances and redshifts, Astrophysics - High Energy Astrophysical Phenomena, Astrophysics - Solar and Stellar Astrophysics},
         year = 2020,
        month = mar,
       volume = {493},
       number = {1},
        pages = {1044-1062},
          doi = {10.1093/mnras/stz3390},
archivePrefix = {arXiv},
       eprint = {1903.05115},
 primaryClass = {astro-ph.HE},
       adsurl = {https://ui.adsabs.harvard.edu/abs/2020MNRAS.493.1044T},
      adsnote = {Provided by the SAO/NASA Astrophysics Data System}
}
@ARTICLE{2021arXiv211100016T,
       author = {{Tucker}, M.~A. and {Ashall}, C. and {Shappee}, B.~J. and {Kochanek}, C.~S. and {Stanek}, K.~Z. and {Garnavich}, P.},
        title = "{A Rapid Ionization Change in the Nebular-Phase Spectra of the Type Ia SN 2011fe}",
      journal = {arXiv e-prints},
     keywords = {Astrophysics - High Energy Astrophysical Phenomena},
         year = 2021,
        month = oct,
          eid = {arXiv:2111.00016},
        pages = {arXiv:2111.00016},
archivePrefix = {arXiv},
       eprint = {2111.00016},
 primaryClass = {astro-ph.HE},
       adsurl = {https://ui.adsabs.harvard.edu/abs/2021arXiv211100016T},
      adsnote = {Provided by the SAO/NASA Astrophysics Data System}
}
@ARTICLE{2020ApJ...904...14W,
       author = {{Wang}, Lingzhi and {Contreras}, Carlos and {Hu}, Maokai and {Hamuy}, Mario A. and {Hsiao}, Eric Y. and {Sand}, David J. and {Anderson}, Joseph P. and {Ashall}, Chris and {Burns}, Christopher R. and {Chen}, Juncheng and {Diamond}, Tiara R. and {Davis}, Scott and {F{\"o}rster}, Francisco and {Galbany}, Llu{\'\i}s and {Gonz{\'a}lez-Gait{\'a}n}, Santiago and {Gromadzki}, Mariusz and {Hoeflich}, Peter and {Li}, Wenxiong and {Marion}, G.~H. and {Morrell}, Nidia and {Pignata}, Giuliano and {Prieto}, Jose L. and {Phillips}, Mark M. and {Shahbandeh}, Melissa and {Suntzeff}, Nicholas B. and {Valenti}, Stefano and {Wang}, Lifan and {Wang}, Xiaofeng and {Young}, D.~R. and {Yu}, Lixin and {Zhang}, Jujia},
        title = "{Optical and Near-infrared Observations of the Nearby SN Ia 2017cbv}",
      journal = {\apj},
     keywords = {Type Ia supernovae, 1728, Astrophysics - High Energy Astrophysical Phenomena},
         year = 2020,
        month = nov,
       volume = {904},
       number = {1},
          eid = {14},
        pages = {14},
          doi = {10.3847/1538-4357/abba82},
archivePrefix = {arXiv},
       eprint = {2009.11415},
 primaryClass = {astro-ph.HE},
       adsurl = {https://ui.adsabs.harvard.edu/abs/2020ApJ...904...14W},
      adsnote = {Provided by the SAO/NASA Astrophysics Data System}
}
@ARTICLE{2008ApJ...675..626W,
       author = {{Wang}, Xiaofeng and {Li}, Weidong and {Filippenko}, Alexei V. and {Krisciunas}, Kevin and {Suntzeff}, Nicholas B. and {Li}, Junzheng and {Zhang}, Tianmeng and {Deng}, Jingsong and {Foley}, Ryan J. and {Ganeshalingam}, Mohan and {Li}, Tipei and {Lou}, YuQing and {Qiu}, Yulei and {Shang}, Rencheng and {Silverman}, Jeffrey M. and {Zhang}, Shuangnan and {Zhang}, Youhong},
        title = "{Optical and Near-Infrared Observations of the Highly Reddened, Rapidly Expanding Type Ia Supernova SN 2006X in M100}",
      journal = {\apj},
     keywords = {distance scale, dust, extinction, galaxies: individual: NGC 4321, supernovae: individual: SN 2006X, Astrophysics},
         year = 2008,
        month = mar,
       volume = {675},
       number = {1},
        pages = {626-643},
          doi = {10.1086/526413},
archivePrefix = {arXiv},
       eprint = {0708.0140},
 primaryClass = {astro-ph},
       adsurl = {https://ui.adsabs.harvard.edu/abs/2008ApJ...675..626W},
      adsnote = {Provided by the SAO/NASA Astrophysics Data System}
}
@ARTICLE{2009ApJ...699L.139W,
       author = {{Wang}, X. and {Filippenko}, A.~V. and {Ganeshalingam}, M. and {Li}, W. and {Silverman}, J.~M. and {Wang}, L. and {Chornock}, R. and {Foley}, R.~J. and {Gates}, E.~L. and {Macomber}, B. and {Serduke}, F.~J.~D. and {Steele}, T.~N. and {Wong}, D.~S.},
        title = "{Improved Distances to Type Ia Supernovae with Two Spectroscopic Subclasses}",
      journal = {\apjl},
     keywords = {cosmology: observations, distance scale, dust, extinction, supernovae: general, Astrophysics - Cosmology and Extragalactic Astrophysics, Astrophysics - High Energy Astrophysical Phenomena},
         year = 2009,
        month = jul,
       volume = {699},
       number = {2},
        pages = {L139-L143},
          doi = {10.1088/0004-637X/699/2/L139},
archivePrefix = {arXiv},
       eprint = {0906.1616},
 primaryClass = {astro-ph.CO},
       adsurl = {https://ui.adsabs.harvard.edu/abs/2009ApJ...699L.139W},
      adsnote = {Provided by the SAO/NASA Astrophysics Data System}
}
@ARTICLE{2013Sci...340..170W,
       author = {{Wang}, Xiaofeng and {Wang}, Lifan and {Filippenko}, Alexei V. and {Zhang}, Tianmeng and {Zhao}, Xulin},
        title = "{Evidence for Two Distinct Populations of Type Ia Supernovae}",
      journal = {Science},
     keywords = {ASTRONOMY Astronomy, Sociology, Environment, Astrophysics - Cosmology and Extragalactic Astrophysics, Astrophysics - High Energy Astrophysical Phenomena},
         year = 2013,
        month = apr,
       volume = {340},
       number = {6129},
        pages = {170-173},
          doi = {10.1126/science.1231502},
archivePrefix = {arXiv},
       eprint = {1303.2601},
 primaryClass = {astro-ph.CO},
       adsurl = {https://ui.adsabs.harvard.edu/abs/2013Sci...340..170W},
      adsnote = {Provided by the SAO/NASA Astrophysics Data System}
}
@ARTICLE{2019ApJ...882..120W,
       author = {{Wang}, Xiaofeng and {Chen}, Jia and {Wang}, Lifan and {Hu}, Maokai and {Xi}, Gaobo and {Yang}, Yi and {Zhao}, Xulin and {Li}, Wenxiong},
        title = "{The Cold and Dusty Circumstellar Matter around Fast-expanding Type Ia Supernovae}",
      journal = {\apj},
     keywords = {binaries: symbiotic, scattering, stars: circumstellar matter, supernovae: general, Astrophysics - High Energy Astrophysical Phenomena},
         year = 2019,
        month = sep,
       volume = {882},
       number = {2},
          eid = {120},
        pages = {120},
          doi = {10.3847/1538-4357/ab26b5},
archivePrefix = {arXiv},
       eprint = {1810.11936},
 primaryClass = {astro-ph.HE},
       adsurl = {https://ui.adsabs.harvard.edu/abs/2019ApJ...882..120W},
      adsnote = {Provided by the SAO/NASA Astrophysics Data System}
}
@ARTICLE{1973ApJ...186.1007W,
       author = {{Whelan}, John and {Iben}, Icko, Jr.},
        title = "{Binaries and Supernovae of Type I}",
      journal = {\apj},
         year = 1973,
        month = dec,
       volume = {186},
        pages = {1007-1014},
          doi = {10.1086/152565},
       adsurl = {https://ui.adsabs.harvard.edu/abs/1973ApJ...186.1007W},
      adsnote = {Provided by the SAO/NASA Astrophysics Data System}
}
@ARTICLE{1984ApJ...277..355W,
       author = {{Webbink}, R.~F.},
        title = "{Double white dwarfs as progenitors of R Coronae Borealis stars and type I supernovae.}",
      journal = {\apj},
     keywords = {Binary Stars, Corona Borealis Constellation, R Coronae Borealis Stars, Stellar Evolution, Supernovae, White Dwarf Stars, B Stars, Carbon Stars, Chandrasekhar Equation, O Stars, Stellar Mass Accretion, Stellar Mass Ejection, Astrophysics},
         year = 1984,
        month = feb,
       volume = {277},
        pages = {355-360},
          doi = {10.1086/161701},
       adsurl = {https://ui.adsabs.harvard.edu/abs/1984ApJ...277..355W},
      adsnote = {Provided by the SAO/NASA Astrophysics Data System}
}
@ARTICLE{2012PASP..124..668Y,
       author = {{Yaron}, Ofer and {Gal-Yam}, Avishay},
        title = "{WISeREP{\textemdash}An Interactive Supernova Data Repository}",
      journal = {\pasp},
     keywords = {Astrophysics - Instrumentation and Methods for Astrophysics, Astrophysics - Cosmology and Nongalactic Astrophysics, Astrophysics - High Energy Astrophysical Phenomena},
         year = 2012,
        month = jul,
       volume = {124},
       number = {917},
        pages = {668},
          doi = {10.1086/666656},
archivePrefix = {arXiv},
       eprint = {1204.1891},
 primaryClass = {astro-ph.IM},
       adsurl = {https://ui.adsabs.harvard.edu/abs/2012PASP..124..668Y},
      adsnote = {Provided by the SAO/NASA Astrophysics Data System}
}
@ARTICLE{2021ApJ...919...49Z,
       author = {{Zeng}, Xiangyun and {Wang}, Xiaofeng and {Esamdin}, Ali and {Pellegrino}, Craig and {Burke}, Jamison and {Stahl}, Benjamin E. and {Zheng}, WeiKang and {Filippenko}, Alexei V. and {Howell}, D. Andrew and {Sand}, D.~J. and {Valenti}, Stefano and {Mo}, Jun and {Xi}, Gaobo and {Liu}, Jialian and {Zhang}, Jujia and {Li}, Wenxiong and {Iskandar}, Abdusamatjan and {Zhang}, Mengfan and {Lin}, Han and {Sai}, Hanna and {Xiang}, Danfeng and {Wei}, Peng and {Zhang}, Tianmeng and {Reichart}, D.~E. and {Brink}, Thomas G. and {McCully}, Curtis and {Hiramatsu}, Daichi and {Hosseinzadeh}, Griffin and {Jeffers}, Benjamin T. and {Ross}, Timothy W. and {Stegman}, Samantha and {Wang}, Lifan and {Zhang}, Jicheng and {Ma}, Shuo},
        title = "{SN 2017fgc: A Fast-expanding Type Ia Supernova Exploded in Massive Shell Galaxy NGC 474}",
      journal = {\apj},
     keywords = {Supernovae, Type Ia supernovae, 1668, 1728, Astrophysics - High Energy Astrophysical Phenomena},
         year = 2021,
        month = sep,
       volume = {919},
       number = {1},
          eid = {49},
        pages = {49},
          doi = {10.3847/1538-4357/ac0e9c},
archivePrefix = {arXiv},
       eprint = {2106.12164},
 primaryClass = {astro-ph.HE},
       adsurl = {https://ui.adsabs.harvard.edu/abs/2021ApJ...919...49Z},
      adsnote = {Provided by the SAO/NASA Astrophysics Data System}
}
@ARTICLE{2018MNRAS.481..878Z,
       author = {{Zhang}, Kaicheng and {Wang}, Xiaofeng and {Zhang}, JuJia and {Zhang}, Tianmeng and {Benetti}, S. and {Elias-Rosa}, N. and {Huang}, Fang and {Lin}, Han and {Li}, Linyi and {Li}, Wenxiong and {Ochner}, P. and {Pastorello}, A. and {Rui}, Liming and {Tartaglia}, L. and {Tomasella}, L. and {Siviero}, A. and {Munari}, U. and {Terreran}, G. and {Song}, Hao and {Taubenberger}, S. and {Wheeler}, J. Craig and {Xiang}, Danfeng and {Zhao}, Xulin and {Li}, Hongbin and {Bai}, Jinming and {Jiang}, Xiaojun and {Shi}, Jianrong and {Wu}, Zhenyu},
        title = "{SN 2014J in M82: new insights on the spectral diversity of Type Ia supernovae}",
      journal = {\mnras},
     keywords = {supernovae: general, supernovae: individual (SN 2014J), Astrophysics - Solar and Stellar Astrophysics, Astrophysics - High Energy Astrophysical Phenomena},
         year = 2018,
        month = aug,
       volume = {481},
       number = {1},
        pages = {878-893},
          doi = {10.1093/mnras/sty2289},
archivePrefix = {arXiv},
       eprint = {1808.06311},
 primaryClass = {astro-ph.SR},
       adsurl = {https://ui.adsabs.harvard.edu/abs/2018MNRAS.481..878Z},
      adsnote = {Provided by the SAO/NASA Astrophysics Data System}
}
@ARTICLE{2015ApJS..220...20Z,
       author = {{Zhao}, Xulin and {Wang}, Xiaofeng and {Maeda}, Keiichi and {Sai}, Hanna and {Zhang}, Tianmeng and {Zhang}, Jujia and {Huang}, Fang and {Rui}, Liming and {Zhou}, Qi and {Mo}, Jun},
        title = "{The Silicon and Calcium High-velocity Features in Type Ia Supernovae from Early to Maximum Phases}",
      journal = {\apjs},
     keywords = {methods: data analysis, supernovae: general, techniques: spectroscopic, Astrophysics - High Energy Astrophysical Phenomena},
         year = 2015,
        month = sep,
       volume = {220},
       number = {1},
          eid = {20},
        pages = {20},
          doi = {10.1088/0067-0049/220/1/20},
archivePrefix = {arXiv},
       eprint = {1508.02042},
 primaryClass = {astro-ph.HE},
       adsurl = {https://ui.adsabs.harvard.edu/abs/2015ApJS..220...20Z},
      adsnote = {Provided by the SAO/NASA Astrophysics Data System}
}
@ARTICLE{2014AJ....148....1Z,
       author = {{Zhang}, Ju-Jia and {Wang}, Xiao-Feng and {Bai}, Jin-Ming and {Zhang}, Tian-Meng and {Wang}, Bo and {Liu}, Zheng-Wei and {Zhao}, Xu-Lin and {Chen}, Jun-Cheng},
        title = "{Optical and Ultraviolet Observations of the Narrow-lined Type Ia SN 2012fr in NGC 1365}",
      journal = {\aj},
     keywords = {supernovae: individual: 2012fr, Astrophysics - Solar and Stellar Astrophysics},
         year = 2014,
        month = jul,
       volume = {148},
       number = {1},
          eid = {1},
        pages = {1},
          doi = {10.1088/0004-6256/148/1/1},
archivePrefix = {arXiv},
       eprint = {1403.0398},
 primaryClass = {astro-ph.SR},
       adsurl = {https://ui.adsabs.harvard.edu/abs/2014AJ....148....1Z},
      adsnote = {Provided by the SAO/NASA Astrophysics Data System}
}
@ARTICLE{2013ApJ...778L..15Z,
       author = {{Zheng}, WeiKang and {Silverman}, Jeffrey M. and {Filippenko}, Alexei V. and {Kasen}, Daniel and {Nugent}, Peter E. and {Graham}, Melissa and {Wang}, Xiaofeng and {Valenti}, Stefano and {Ciabattari}, Fabrizio and {Kelly}, Patrick L. and {Fox}, Ori D. and {Shivvers}, Isaac and {Clubb}, Kelsey I. and {Cenko}, S. Bradley and {Balam}, Dave and {Howell}, D. Andrew and {Hsiao}, Eric and {Li}, Weidong and {Marion}, G. Howie and {Sand}, David and {Vinko}, Jozsef and {Wheeler}, J. Craig and {Zhang}, JuJia},
        title = "{The Very Young Type Ia Supernova 2013dy: Discovery, and Strong Carbon Absorption in Early-time Spectra}",
      journal = {\apjl},
     keywords = {supernovae: general, supernovae: individual: SN 2013dy, Astrophysics - Cosmology and Nongalactic Astrophysics, Astrophysics - Solar and Stellar Astrophysics},
         year = 2013,
        month = nov,
       volume = {778},
       number = {1},
          eid = {L15},
        pages = {L15},
          doi = {10.1088/2041-8205/778/1/L15},
archivePrefix = {arXiv},
       eprint = {1310.5188},
 primaryClass = {astro-ph.CO},
       adsurl = {https://ui.adsabs.harvard.edu/abs/2013ApJ...778L..15Z},
      adsnote = {Provided by the SAO/NASA Astrophysics Data System}
}